3086 5086
723 479 766 489 „.
811 443 943 534 53¹..

357 683 360 690 ,
413 618 510 684 Tacit.
538 623 567 697 1,
594 621 635 684 10
658 637 737 684 vers.
761 617 813 682 fin.
837 617 897 682 Dio
920 618 974 696 56,
997 618 1051 696 45,
1076 619 1105 685 3.
1124 617 1207 685 Suet.
1230 617 1298 682 Tib.
1323 620 1366 684 21

298 747 328 810 p.
353 727 406 804 96,
431 726 451 790 3
475 744 519 808 sq.
566 723 629 812 (ap.
652 724 758 790 Reioh.
775 745 804 807 p.
824 726 873 789 18.
901 725 953 788 21.
980 722 1032 788 24.
1057 725 1098 789 28
1124 723 1236 789 Christ.
1261 745 1289 807 p.
1308 725 1368 802 32;

299 833 429 898 Dionem
453 850 523 897 oum
545 832 652 897 Tacito
675 829 807 897 eontulit
829 829 925 895 etiam
950 829 1081 894 Eroitzh.
1105 849 1135 912 p.
1161 829 1227 913 30.)

406 937 488 1002 Aliis
511 937 586 1002 locis
620 938 700 1002 inter
735 955 767 1001 se
791 937 974 1018 eomparatis
1007 955 1062 1018 por
1085 955 1117 1002 se
1140 935 1265 1019 quidem
1288 936 1369 1001 nihil

299 1045 488 1126 probaretur,
524 1043 576 1107 sed
611 1043 715 1108 tamen
749 1042 871 1125 propter
906 1060 956 1106 eos
980 1061 1054 1124 quos
1077 1042 1172 1106 attuli
1194 1041 1228 1105 hi
1251 1031 1370 1126 quoque

300 1149 494 1216 eoommuni
517 1147 572 1212 ilio
594 1149 679 1213 fonte
713 1148 857 1214 ridentur
891 1147 1051 1212 derivandi
1086 1167 1161 1213 esse.
1196 1166 1289 1230 quere
1318 1167 1371 1213 eos

301 1265 455 1338 oornpono.

399 1360 508 1414 Sueton.
528 1359 599 1429 Aug.
619 1361 653 1415 99
671 1360 708 1413 in.
1004 1359 1056 1413 Dio
1075 1360 1118 1423 56,
1136 1361 1180 1424 30,
1199 1359 1225 1414 4.

353 1463 474 1516 supremo
501 1447 545 1501 die
571 1489 576 1501 .
606 1488 612 1503 .
639 1489 645 1501 .
679 1446 808 1502 admissos
916 1449 1011 1518 κρότον
1029 1447 1059 1500 δὲ
1074 1447 1108 1514 δή
1121 1465 1182 1500 τινα
1194 1447 1256 1516 παρ’
1277 1443 1373 1502 αὐτῶν

300 1537 398 1590 amieos
417 1538 589 1604 percontatus
602 1535 698 1605 ecquid
715 1537 751 1589 iis
769 1536 809 1589 ri·
865 1537 910 1605 [so.
924 1538 979 1588 niv
991 1534 1115 1606 ἑταίρων]
1130 1534 1229 1606 ὁμοίως
1249 1535 1303 1594 τοῖς
1322 1554 1373 1604 γε-

300 1623 409 1678 deretur
435 1623 546 1677 mimutn
575 1623 649 1677 vites
675 1623 810 1678 commode
863 1623 1029 1688 λωτοποιοῑς,
1060 1623 1096 1683 ὥς
1129 1622 1173 1676 καὶ
1213 1621 1257 1676 ἐπί
1282 1622 1373 1694 μίμου

300 1713 473 1780 transegisse,
493 1711 593 1767 adiecit
612 1715 641 1767 et
651 1713 810 1767 clausulam:
864 1711 936 1771 τινὸς
954 1713 1068 1782 τελευτῇ,
1092 1714 1201 1780 αἰτήσας
1219 1710 1263 1764 καὶ
1293 1713 1374 1782 ποίμ-

280 1795 283 1801 “
693 1803 719 1855 εἰ
735 1801 768 1854 δέ
783 1820 809 1855 τι
861 1821 932 1854 πανυ
950 1803 1039 1853 πάντα
1063 1819 1111 1854 τον
1136 1802 1191 1854 τῶν
1214 1797 1377 1869 ἀνθρώπων

304 1885 363 1959 ἔχοι
387 1890 472 1948 καλῶς
496 1891 525 1942 τὸ
551 1888 692 1958 παίγνιον,
712 1890 808 1957 κρότον
862 1889 921 1959 βίον
939 1882 1106 1960 δοέσκωφε.”0

463 1977 525 2030 δότε

301 2063 345 2117 καί
375 2066 474 2123 πάντες
511 2065 586 2136 ἡμᾶς
616 2065 685 2136 μετὰ
722 2066 810 2136 χαρᾶς

461 2156 648 2224 προπέμψατε.

391 2276 411 2314 ε.
433 2263 485 2316 100
502 2279 528 2330 p.
547 2262 590 2325 84,
610 2261 644 2315 18
662 2277 720 2330 sqq.
1041 2260 1084 2323 56,
1103 2261 1146 2323 31,
1165 2262 1190 2314 2.

355 2364 448 2417 eorpus
472 2348 626 2404 decuriones
651 2347 809 2415 municipio·
916 2349 946 2400 τὸ
974 2345 1001 2398 d'
1030 2337 1079 2399 οὖν
1104 2349 1182 2420 σῶμα
1200 2350 1229 2402 τὸ
1249 2351 1298 2402 τοῦ
1314 2349 1374 2402 Ad.

301 2453 360 2490 rurn
389 2441 418 2490 et
445 2439 609 2492 coloniarum
636 2435 740 2489 aNola
758 2435 810 2496 Bo·¹
864 2438 980 2503 γούστου
990 2435 1019 2487 ἐκ
1029 2439 1085 2506 με’ν.
1095 2438 1142 2504 τῆς
1154 2438 1245 2506 Νώλης
1258 2438 1283 2490 οἱ
1296 2442 1373 2508 προῖ-

302 2525 382 2578 rillas
401 2541 485 2594 usque
498 2525 674 2594 deportarunt
686 2523 810 2577 noctibus
863 2541 905 2576 τοι
923 2521 984 2576 καθ’
1002 2522 1117 2592 ἑκάστην
1133 2526 1212 2578 πόλιν
1230 2527 1260 2580 ἐκ
1279 2527 1373 2580 διαδο-

302 2654 308 2667 .
330 2606 336 2667 ζ
357 2655 363 2667 .
384 2653 390 2666 .
419 2613 568 2668 aBovillis
596 2615 719 2684 equester
746 2611 809 2666 ordo
862 2609 1080 2680 χῆςὲβοὶστασαν,
1093 2613 1374 2687 πρὸςείὲδητῇῬώμη

301 2703 418 2771 suscepit
435 2701 549 2772 urbique
573 2703 671 2756 intulit
691 2743 697 2754 .
717 2743 723 2758 .
744 2743 750 2756 .
770 2717 810 2754 se·
863 2702 1015 2771 γενόμενον
1028 2701 1053 2752 nt
1065 2701 1153 2760 ίππεῐς
1173 2703 1373 2772 παραλαβόντες

301 2794 382 2844 nutus
402 2819 435 2830 —-
864 2790 958 2848 νυκτὸς
985 2787 1012 2846 ἐς
1039 2788 1068 2840 τὸ
1105 2787 1172 2842 σ’ίστυ
1203 2789 1372 2863 ε’σεκόμυσαν.

861 2879 892 2946 τῇ
920 2895 948 2930 τε
966 2875 1092 2946 ὑστεραία
1118 2879 1198 2946 βουλὴ
1218 2879 1372 2948 ἐγένετο-

444 2967 648 3036 ὼαΜη
1041 2966 1190 3030 ffiQAE

356 3055 481 3110 laudatus
510 3059 551 3110 est
578 3071 625 3124 pro
653 3055 718 3110 aede
744 3055 809 3109 Divi
916 3053 1091 3122 προτεθείσης
1110 3055 1140 3106 δὲ
1158 3056 1206 3123 της
1219 3055 1308 3124 κλίνης
1327 3055 1375 3112 ἐπί

302 3143 360 3198 Juli
378 3160 394 3197 a
413 3144 521 3198 Tiberio
540 3147 569 3198 et
586 3159 634 3212 pro
652 3145 746 3198 rostris
765 3161 809 3198 ve·
864 3144 912 3195 τοῦ
926 3143 1112 3214 δημηγοροκοῦ
1125 3145 1245 3212 βήματος
1253 3141 1306 3196 ἀπὸ
1316 3147 1373 3215 μὲν

301 3231 440 3297 teribusa
457 3233 544 3287 Druso
564 3232 655 3299 Tiberi
673 3233 738 3287 filio.
864 3229 967 3284 ἐκείνου
981 3231 994 3282 ὁ
1009 3233 1124 3302 Δροῦσός
1148 3251 1173 3284 το
1185 3229 1302 3301 ἀνέγνω,
1316 3231 1371 3286 ἀπὸ

864 3320 894 3373 δὲ
912 3321 966 3373 τῶν
985 3319 1083 3390 ἑτέρων
1102 3320 1224 3390 ἐμβόλων
1235 3322 1292 3398 τῶν
1306 3317 1372 3373 Ἰου-

863 3407 951 3461 λιείων
981 3408 995 3460 ὁ
1029 3411 1143 3478 Τυβέρως
1174 3409 1304 3480 δημόσιον
1335 3409 1371 3477 τλή

862 3515 922 3549 τινα
940 3497 1007 3548 κατὰ
1027 3495 1118 3567 δόγμα
1136 3497 1219 3564 λόγον
1237 3495 1276 3550 ἐπ’
1297 3494 1374 3570 αὐτῷ

862 3584 966 3637 τοιόνδε
984 3583 1125 3644 ἐπελέξατο
1145 3625 1151 3640 .
1173 3625 1179 3639 .

412 3796 456 3864 70)
475 3795 507 3850 of.
528 3795 663 3852 cedrenus
682 3799 697 3850 1
717 3813 742 3865 p.
762 3797 824 3861 321,
844 3798 936 3867 tisqq.
956 3797 970 3849 ὁ
991 3797 1092 3868 Καῖσαρ
1113 3797 1265 3866 Αὔγουστος
1283 3798 1314 3851 ἐν
1334 3799 1374 3872 τῷ

302 3884 411 3956 μέλλειν
440 3882 524 3938 αὐτὸν
596 3882 744 3955 ἀποβαόναυ
762 3888 940 3956 παρηγγύησε
957 3887 1019 3946 τούς
1037 3887 1068 3940 ἐν
1086 3887 1156 3940 τέλεα
1175 3886 1250 3955 (εἰσί)
1268 3889 1373 3946 πάντας

302 3973 333 4026 ἐν
345 3975 378 4042 τῇ
388 3974 500 4042 τελευτῇ,
508 3971 592 4028 αὐτοϋ
602 3974 697 4044 χεῖρας
708 3975 835 4046 κρατῆσαι
854 3972 898 4028 καί
910 3976 1022 4044 γελάσαι
1035 3974 1071 4034 ὥς
1083 3972 1126 4029 ἐπὶ
1140 3974 1226 4046 μίμου
1240 3975 1372 4043 τελευτῆς.

301 4062 379 4113 τοῦτο
409 4061 439 4116 δὲ
468 4063 577 4131 ποιῆσαι
602 4061 741 4133 διωρίσατο
764 4058 947 4116 ἀποσκώπτων
975 4065 1012 4122 εἰς
1041 4064 1089 4115 τὸν
1117 4061 1295 4134 ἀνθρώπινον
1312 4061 1373 4132 βίον

303 4146 339 4205 ὡς
357 4151 472 4216 γέλωτος
489 4149 574 4211 σ’ίξυον.
