3086 5086
560 473 772 538 ..21-

131 669 229 720 masc.
241 650 297 716 511.
310 649 394 718 0555.
409 652 426 716 1
444 651 486 714 15.
504 647 553 738 (M
570 651 600 730 3,
617 649 697 734 427)
709 649 859 732 losephus
871 649 944 718 bell.
956 652 1009 730 21,
1028 652 1056 730 1,
1074 652 1104 718 2.
1121 653 1151 717 3.
1165 653 1197 720 4.

136 759 155 822 7
180 757 244 824 551.
270 756 322 836 15,
346 759 376 836 9,
402 757 422 824 6
446 756 577 838 Quintil.
593 758 623 837 6,
648 759 678 837 3,
697 758 738 822 77
755 757 853 822 Tacit.
877 775 948 825 auu.
973 759 1073 837 1,10.
1097 759 1129 838 4,
1153 759 1196 824 37

133 863 220 930 Suet.
236 863 318 948 Aug.
335 864 379 930 52
394 864 436 928 15.
453 862 563 931 59115.
582 865 625 929 60
639 883 669 946 p.
686 862 740 943 65,
767 865 808 930 10
824 883 889 946 sqq.
913 863 1020 929 Claud.
1038 865 1058 930 2
1074 885 1103 948 p.
1122 866 1196 944 148,

136 969 178 1034 21
192 989 235 1052 sq.
248 969 312 1037 Jul.
323 969 489 1036 Africanus
504 989 552 1053 ap.
570 969 702 1055 Syuoell.
722 968 739 1036 1
756 989 786 1052 p.
798 969 875 1050 584,
894 971 936 1036 12
951 970 1009 1036 Dio
1025 971 1079 1050 51,
1097 971 1149 1051 20,
1167 973 1197 1038 7.

134 1075 190 1155 54,
214 1077 267 1155 32,
294 1077 311 1140 l
336 1096 398 1158 per.
423 1075 496 1142 Liv..
528 1077 591 1142 139
626 1076 735 1144 Strabo
770 1079 801 1156 4,
837 1077 868 1155 3,
903 1079 975 1160 2p.
1001 1078 1065 1143 192
1088 1077 1195 1142 Horat.
1257 1083 1262 1092 '

135 1183 362 1266 ep.2,1,15
396 1203 460 1266 sqq.
493 1183 607 1250 citatus
629 1203 648 1249 a
672 1183 776 1250 Servio
810 1183 875 1250 llcl.
913 1184 986 1262 l,7
1020 1214 1061 1248 ,==
1085 1183 1195 1268 Georg.

138 1292 169 1369 1,
193 1291 237 1354 24
259 1309 304 1372 sq.
322 1289 411 1358 Ovid.
435 1310 528 1360 amor.
552 1293 583 1370 3,
609 1292 640 1364 8,
657 1290 700 1355 52
716 1289 885 1358 Cassiodor.
908 1291 948 1355 ad
970 1309 998 1355 a.
1025 1291 1088 1356 745
1111 1289 1197 1354 111511

132 1415 211 1478 quos
233 1397 437 1480 Nipperdcius
460 1397 499 1463 ad
523 1399 620 1464 Tacit.
655 1417 725 1470 555.
762 1400 791 1476 1,
824 1399 866 1463 10
890 1397 961 1462 0515
982 1417 1056 1480 quos
1079 1397 1197 1460 051115-

132 1503 197 1568 lius
221 1505 250 1582 6,
277 1505 339 1568 136
374 1523 419 1586 sq.
456 1506 573 1581 attulit,
608 1505 763 1569 decretum
797 1504 830 1567 15
852 1497 989 1588 Augusti
1011 1505 1196 1570 honorema

136 1611 254 1675 Lesbiis
278 1611 395 1676 factum
417 1631 435 1676 5
460 1611 566 1676 055515
590 1611 706 1676 editum
730 1611 781 1698 (dc
801 1609 870 1675 itin.
887 1611 920 1674 15
935 1611 1023 1675 Lesb.
1040 1595 1098 1675 ins.
1122 1611 1196 1676 fact.

135 1717 200 1782 tab.
224 1716 311 1804 Vll),
334 1719 454 1783 nummi
476 1719 557 1800 apud
580 1717 675 1783 Eckh.
702 1719 730 1795 1,
755 1717 807 1782 58.
834 1719 863 1796 6,
890 1719 953 1782 100
974 1735 1018 1798 sq.
1045 1717 1125 1795 135;
1148 1736 1196 1800 ap.

134 1822 247 1888 051555.
260 1823 343 1908 Aug.
361 1845 390 1890 5.
404 1827 455 1890 34.
470 1825 544 1890 258.
558 1825 735 1889 273-276
748 1847 804 1900 -;
820 1824 873 1889 550
884 1825 940 1889 hoc
952 1823 981 1888 ei
992 1824 1198 1892 Romanorum

134 1932 219 1994 certe
241 1930 354 1997 iudicio
378 1931 500 1995 crimini
530 1930 609 1996 verti
639 1949 698 1994 uon
730 1949 815 2012 posse
846 1930 895 1996 551
924 1950 960 1995 ex
989 1931 1038 1995 his
1061 1929 1198 1996 Suetonii

134 2037 238 2102 uerbis
261 2038 361 2103 elucet
385 2037 494 2120 quibus
525 2037 617 2102 simul
648 2037 873 2102 demonstratur
904 2038 1044 2120 scriptori
1078 2037 1127 2102 illi
1151 2037 1198 2116 ,de
1273 2021 1278 2031 ⁴
1339 2063 1340 2068 ¹

135 2142 340 2224 Caesaribus,
366 2145 393 2209 si
415 2145 556 2210 accurate
579 2164 644 2209 rem
660 2144 781 2208 tradere
798 2145 902 2223 vellet,
926 2145 1088 2210 dicendum
1104 2143 1198 2209 fuisso

133 2249 262 2316 515515
286 2251 459 2333 provinciis,
495 2252 613 2316 mortuo
647 2251 760 2316 Romae
794 2271 909 2334 quoquc
939 2249 993 2339 (cf.
1018 2251 1089 2315 Tac.
1114 2269 1140 2314 a.
1168 2254 1196 2329 1,

137 2359 180 2422 10
204 2357 270 2441 fin.)
281 2359 403 2440 templa
419 2377 483 2424 esse
500 2358 640 2422 dedicata
653 2356 712 2444 16):
737 2359 818 2442 Aug.
833 2358 876 2423 52
891 2359 933 2422 15.
952 2357 1077 2440 ,templa
1093 2376 1198 2439 quam-

134 2463 185 2528 vis
209 2464 301 2528 sciret
324 2464 418 2529 etiam
452 2465 681 2547 proconsulibus
716 2465 837 2530 decerni
868 2465 962 2530 solere
986 2463 1018 2528 15
1040 2463 1127 2527 55115
1150 2465 1198 2528 15-

134 2590 208 2636 men
231 2571 387 2653 provincia
410 2571 463 2656 (cf.
496 2571 630 2659 59115.)
666 2572 726 2636 nisi
760 2572 913 2637 communi
943 2589 996 2636 suo
1026 2571 1198 2653 Romaeque

133 2678 259 2743 nomine
281 2679 396 2761 recepit
420 2677 473 2756 (cf.
498 2679 621 2762 Joseph.
645 2679 716 2744 boll.
749 2681 778 2760 1,
803 2679 855 2758 21,
893 2679 911 2742 7
946 2679 1009 2744 aut.
1047 2677 1098 2755 15,
1123 2677 1197 2757 9,6
1260 2665 1267 2690 ’

135 2786 208 2850 Tac.
233 2803 261 2849 a.
287 2786 317 2864 4,
341 2787 383 2850 37
407 2785 493 2850 tituli
517 2787 555 2851 ab
589 2785 738 2868 1151055.
775 2786 838 2850 136
871 2805 916 2868 sq.
952 2783 1041 2850 citati
1076 2786 1198 2868 excepto

135 2892 321 2959 Gruteriauo
344 2913 374 2976 p.
400 2893 473 2971 229,
498 2911 585 2974 porro
601 2891 688 2957 tituli
704 2892 792 2959 Grut.
814 2912 843 2974 p.
868 2891 920 2970 58,
946 2891 982 2969 5,
1009 2890 1081 2970 105,
1108 2892 1137 2954 7.
1163 2892 1197 2968 9;

136 3000 214 3078 320,
232 3001 250 3064 8
268 2997 300 3064 O.
317 3000 348 3065 J.
366 2999 418 3065 611.
436 3001 467 3079 2,
492 3000 571 3077 851;
587 3019 618 3064 5.
636 3000 733 3067 3971.
748 2999 847 3076 4039,
871 2997 990 3062 nummi
1004 2996 1055 3084 ll.)
1072 3017 1198 3062 —nam

135 3107 171 3170 15
186 3107 259 3171 5515
272 3105 395 3190 quidam
411 3106 652 3189 pertinacissimo
668 3105 818 3171 abstinuit
833 3107 890 3171 hoc
904 3107 1016 3171 honore
1028 3111 1091 3184 —‘,
1105 3105 1199 3170 ctiam

136 3213 165 3278 si
189 3213 312 3278 Tacitus
338 3215 367 3292 1,
404 3214 446 3279 10
479 3213 666 3298 generaliter
699 3213 779 3278 illud
814 3213 954 3296 Augusto
985 3213 1198 3294 exprobratum

136 3319 267 3385 aduolat
302 3319 381 3401 quod
417 3319 506 3398 ,nihil
541 3319 666 3384 deorum
699 3319 872 3386 honoribus
904 3319 1000 3384 abeo
1023 3317 1118 3382 fuerit
1141 3337 1198 3397 ,rc-

134 3427 257 3504 lictum,
287 3445 357 3490 cum
392 3445 423 3490 se
457 3425 581 3509 templis
611 3427 642 3490 51
665 3426 767 3510 effigie
790 3427 960 3504 numinum,
983 3445 1036 3508 per
1060 3425 1198 3491 flamines

137 3534 170 3598 ct
193 3532 362 3598 sacerdotes
397 3533 455 3598 5511
478 3533 593 3598 vellet‘.
628 3551 721 3615 quare
755 3533 848 3598 etiam
873 3533 953 3615 quod
975 3533 1072 3599 adicit
1095 3532 1198 3616 Lydus

135 3659 157 3704 a
179 3637 265 3702 nullo
287 3639 347 3704 alio
377 3639 523 3722 scriptore
553 3640 754 3705 memoratum
783 3639 884 3722 ipsum
914 3639 1116 3706 Octavianum
1139 3639 1200 3706 sibi

136 3744 312 3829 pontificem
347 3766 464 3814 creasse
498 3766 589 3831 quem
619 3747 753 3830 primum
776 3747 857 3812 inter
880 3748 1004 3813 deorum
1027 3747 1198 3813 sacerdotes

132 3851 332 3920 constituerit
353 3873 475 3920 omnem
496 3855 745 3938 probabilitatem
766 3854 893 3920 excedit.
916 3891 961 3902 -
983 3853 1028 3918 ita
1045 3853 1115 3919 dein
1129 3872 1199 3936 per-

245 4031 289 4100 16)
308 4029 502 4095 5551111551,
519 4031 563 4096 20,
582 4031 599 4084 8
617 4029 646 4084 10
661 4031 770 4084 vivente
782 4029 905 4100 Augusto
923 4045 977 4084 non
995 4029 1080 4083 solum
1099 4030 1198 4082 Romae

136 4117 184 4173 sed
202 4135 236 4173 55
254 4119 283 4173 15
302 4120 405 4189 reliqua
424 4118 532 4190 quidem
550 4117 633 4174 Italia
651 4117 754 4172 factum
773 4135 829 4174 esse
847 4118 998 4188 perhibens,
1017 4121 1049 4172 ut
1067 4119 1121 4171 iam
1139 4117 1199 4171 551·

136 4206 286 4262 madvertit
304 4207 448 4263 Eckhelius
466 4206 492 4264 d.
510 4225 537 4263 5.
557 4211 582 4274 6,
602 4209 661 4264 125.
