3086 5086
538 419 758 484 ..15-

113 599 167 662 καί
189 591 303 660 τούτου
331 590 423 679 χάριν
445 595 501 660 τόν
524 591 579 680 τῆς
608 597 774 682 λεγομένης
796 591 986 672 ι’νδικτιοῖνος
1008 594 1124 663 κύκλον
1147 600 1182 663 ἐκ
1238 680 1240 692 Ι

113 707 287 789 προοιμίων
303 697 363 766 τοῦ
372 707 590 788 Σεπτεμβρίου
606 700 703 789 μηνός
719 699 933 788 ἀριθμεῖσθαι
951 699 1122 790 εἰσήγαγεν,
1146 723 1182 770 ea

112 809 201 892 patet
224 808 349 873 confuse
383 807 511 892 aLydc
534 809 633 890 posite
656 827 731 888 esse,
767 829 837 874 cum
860 809 996 892 Augusti
1020 811 1120 876 aetate
1144 811 1182 877 de

113 915 283 980 indictione
306 933 395 980 nemo
418 915 602 999 cogitauerit
626 915 731 999 (quam
762 915 886 998 quidem
917 935 950 982 re
973 935 1045 982 uera
1069 916 1181 982 iudea

113 1023 154 1088 Κ.
180 1021 334 1104 Septemb.
359 1039 424 1086 esse
447 1022 639 1085 numeratam
661 1021 755 1106 vulgo
779 1024 883 1088 netum
909 1020 981 1108 est).
1018 1023 1071 1088 sed
1094 1021 1182 1087 simi·
1255 1072 1258 1077 .

112 1128 158 1194 liu
172 1127 346 1211 Hesychius
361 1126 502 1192 Milesius
524 1127 632 1205 tradit,
656 1126 736 1211 Lydi
758 1127 904 1210 aequalis.
930 1129 975 1192 ita
991 1129 1073 1194 enirn
1089 1129 1182 1194 habet

113 1232 307 1300 Constantin.
329 1233 478 1316 Porphyr.
504 1232 541 1296 de
556 1233 657 1308 them.
683 1233 713 1312 2,
739 1235 758 1298 8
783 1233 839 1319 (=
860 1234 1009 1318 Hesychii
1032 1235 1070 1300 fr.
1096 1236 1180 1317 lep.

113 1339 223 1404 Muell.
254 1340 286 1418 4,
324 1341 387 1404 145
396 1338 474 1426 sq.):
509 1341 563 1404 καί
593 1335 721 1426 νικήσας
751 1336 768 1404 ὁ
792 1346 919 1427 Καίσαρ
944 1339 1001 1404 τὸν
1024 1337 1182 1406 Ἄντώνιον

112 1448 168 1511 καί
197 1443 255 1533 τήν
284 1442 498 1532 Κλεοπάτραν
528 1449 630 1512 ἔκτισε
660 1441 757 1512 πάλιν
787 1449 925 1522 καλέσας
959 1443 1057 1534 αὐτην
1088 1443 1181 1514 Νικό·

113 1554 212 1619 πολιν
235 1549 291 1616 διά
311 1549 348 1616 τά
370 1554 470 1618 ἐκεῖσε
492 1548 670 1639 ἡττηθῆναι
692 1550 749 1617 τίν
771 1549 939 1620 Ἀντώνιον.
976 1550 1043 1619 άπό
1067 1556 1104 1618 es
1125 1550 1185 1620 τοῦ

113 1655 306 1746 ἀκρωτηρίου
338 1654 398 1724 τοῦ
428 1646 627 1741 καλουμένου
660 1655 775 1724 Ἀκτίου
808 1662 861 1724 καί
894 1659 952 1734 τάς
984 1663 1184 1744 καλουμένας

113 1761 311 1838 ι’νδικτιιῖνας
333 1759 492 1830 ἐκάλεσεν.
518 1760 598 1830 oliuu
622 1763 681 1850 γάρ
703 1761 813 1850 γράφει
836 1761 980 1848 Ἡσάχιος
1013 1763 1031 1829 ὁ
1065 1763 1182 1832 Ἰλλοά-

112 1889 228 1956 στριος·
250 1867 429 1953 ,ίνδικτιάν,
441 1866 527 1936 τοῦτ’
543 1875 630 1936 ἔστιν
642 1869 799 1954 ἰνακτιάν,
811 1869 830 1958 ἡ
843 1874 914 1958 περὶ
924 1869 960 1936 τό
968 1869 1086 1938 Ἀκτιον
1102 1877 1182 1958 νίκη.

113 1975 172 2042 διά
195 1972 288 2042 τοῦτο
321 1974 448 2064 άρχεται
478 1983 538 2060 μὲν
573 1975 729 2044 ι’νδικτιών
760 1975 828 2044 άπὸ
857 1975 980 2064 πρώτης
1010 1981 1063 2044 καί
1086 2005 1183 2044 κατα-

112 2080 198 2170 ληγει
232 2093 322 2170 με’χρι
349 2079 404 2170 τῆς
436 2079 494 2166 ιε’,
529 2085 582 2149 καί
612 2079 713 2148 πάλιν
757 2081 946 2170 ὑποστρέφει
979 2087 1033 2150 καί
1056 2081 1185 2172 άρχεται

114 2186 184 2254 άπὸ
208 2186 339 2276 πρώτης,
362 2188 417 2254 διά
438 2187 474 2255 τὸ
495 2187 551 2254 τόν
567 2187 724 2256 Ἀντώνιον
740 2187 940 2276 συνάρχοντα
955 2198 1107 2273 γενέσθαι
1122 2187 1183 2257 Ατλ-

113 2291 234 2383 γοάστηι
256 2292 304 2384 τῷ
317 2301 455 2384 Καίσαρι
477 2307 567 2384 με’χρι
582 2293 641 2362 τοῦ
662 2293 706 2362 ιε’
729 2294 851 2380 χρόνου·
865 2298 908 2382 ¹¹)
931 2297 1013 2382 μετά
1029 2294 1184 2364 δὲταῦτα

113 2397 210 2486 μόνος
232 2400 400 2490 ἐκράτησεν
424 2399 627 2486 Αίγουστος.“
666 2404 704 2470 ab
727 2404 882 2490 Hesychio
905 2405 1018 2487 pendet
1061 2407 1075 2469 t
1098 2405 1183 2470 vide-

113 2509 167 2572 tur
190 2507 346 2574 Cedrenus
379 2510 445 2576 tl
483 2529 513 2592 p,
538 2511 614 2588 573,
649 2512 763 2593 4sqq.:
797 2513 851 2576 καὶ
879 2507 1014 2598 ἤρξαντο
1049 2511 1105 2592 [sc.
1129 2512 1184 2576 ἐπὶ

225 2790 269 2854 11)
289 2787 322 2842 cf.
349 2788 480 2844 Eusebius
508 2789 563 2844 chr.
583 2789 631 2844 lib.
652 2792 667 2844 1
690 2791 812 2859 paginul.
833 2791 913 2857 sem
934 2791 1000 2860 ,iqui
1021 2791 1182 2863 [Augustus]

113 2880 189 2942 tunc,
208 2893 245 2932 sc.
264 2893 336 2932 anne
355 2893 406 2947 quo
425 2877 569 2947 Cleopatra
587 2881 694 2932 mortua
713 2879 766 2948 est)
785 2878 919 2932 decimum
939 2879 1065 2948 quintum
1083 2896 1185 2935 anuum

114 2967 295 3022 Romanorum
314 2967 422 3036 imperii
441 2967 549 3036 agebet‘
570 2967 630 3036 (sec.
647 2968 760 3036 interpr.
773 2967 903 3038 Arnen),
922 2967 1036 3023 Mulelas
1054 2969 1108 3038 8p.
1123 2971 1183 3036 197,

114 3057 132 3110 9
143 3071 194 3124 sqq
207 3055 385 3126 ,ἐβασίλευσαν
398 3046 448 3108 οὖν
466 3057 492 3108 ci
504 3057 547 3125 ιγ’
559 3056 719 3128 Πτολεμαῖοι
737 3057 763 3110 ολ
775 3057 928 3116 Μακεδόνες
944 3059 992 3126 τῆς
1004 3059 1186 3128 Αἰγυπτιακῆς

113 3145 209 3214 χώρας
236 3144 340 3214 ἆποίσης
363 3142 417 3198 ιἰττὸ
446 3147 495 3198 τοῦ
511 3145 677 3216 Πτολεμαίου
695 3147 744 3199 τοῦ
760 3148 856 3215 Λάγου
884 3147 933 3206 ἕως
951 3147 1121 3218 Κλεοπάτρας
1138 3149 1186 3216 τῆς

115 3235 246 3286 Διονύσον
255 3235 392 3306 θυγατρὸς
411 3233 457 3303 ἔτη
475 3235 504 3288 τ’
523 3235 572 3294 ἕως
590 3236 639 3288 τοῦ
657 3235 694 3288 ιε’
714 3233 787 3295 ἔτους
814 3237 861 3303 τῆς
878 3234 1011 3304 βασιλείας
1029 3233 1185 3304 Αὐγούστου

113 3321 246 3394 Καίσαρος
272 3325 327 3378 κτλ.
355 3325 383 3379 et
411 3326 472 3393 9p.
501 3325 561 3388 218,
591 3325 684 3394 lsqq.
703 3325 742 3396 τῷ
758 3324 788 3378 δὲ
806 3323 1033 3396 πεντεκαιδεκάτῳ
1059 3322 1112 3378 ἔτει
1138 3325 1186 3394 τῆς

113 3411 288 3483 τριομβορίας
315 3415 364 3466 τοῦ
391 3410 475 3466 αὐτοῦ
504 3410 660 3482 Αὐγούστου
682 3412 854 3482 Ὄκταβιανοῦ
879 3414 1104 3484 τυραννησάντων
1130 3415 1186 3466 τῶν

113 3500 270 3568 Αἰγυπτίων
296 3499 340 3554 καί
368 3503 416 3570 τῆς
447 3503 617 3573 Κλεοπάτρας
634 3501 688 3556 κτλ.
709 3501 763 3571 (hic
790 3501 864 3556 locus
892 3500 994 3555 eisdem
1019 3501 1075 3556 fere
1098 3501 1186 3558 verbis

112 3587 189 3643 redit
216 3589 245 3642 in
264 3589 353 3646 chron.
372 3591 467 3646 Pcseh.
487 3608 512 3660 p.
533 3592 597 3655 363,
626 3592 659 3645 13
678 3607 746 3660 sqq„
771 3589 819 3644 ubi
847 3593 939 3644 temen
958 3590 1061 3658 legitur
1080 3590 1186 3644 δωδε-

112 3679 207 3750 κάτῳ
226 3675 279 3732 ἔτει
297 3682 487 3735 convenienter
514 3696 574 3734 cnm
592 3681 650 3734 leco
668 3697 694 3749 p.
714 3681 775 3744 360,
803 3681 822 3733 4
840 3696 895 3750 sq.;
915 3679 962 3748 qui
980 3681 1095 3748 uterquc
1114 3680 1186 3734 infra

111 3783 139 3836 p.
159 3767 396 3840 secreturus),
421 3769 588 3838 Nicephorus
606 3769 658 3825 GP.
678 3767 713 3822 ed
735 3768 833 3822 calcem
853 3769 972 3838 syncelli
991 3771 1007 3822 1
1026 3785 1052 3837 p.
1072 3769 1132 3834 745,
1153 3771 1185 3823 11

112 3854 155 3910 ed.
182 3855 267 3911 Bonn.
286 3847 363 3918 οὗτος
392 3857 565 3928 [Αὔγουστος]
585 3858 624 3930 τῷ
651 3858 688 3910 ιε’
716 3855 771 3912 ἔτει
789 3859 836 3925 τῆς
854 3857 952 3912 ἑαυτοῦ
969 3856 1102 3926 βασιλείας
1120 3859 1187 3912 Κλε-

111 3945 236 4012 οπάτραν
254 3945 323 4000 ἑλῶν
341 3947 411 4012 κτλ.;
439 3947 580 4018 Syncellus
599 3950 692 4000 contre
711 3949 726 4002 1
745 3963 772 4016 p.
792 3947 853 4012 590,
873 3947 908 4002 14
926 3963 983 4016 sqq.
1003 3947 1068 4000 haec
1087 3946 1185 4000 hebet:

113 4059 120 4078 ·
141 4075 149 4090 .
169 4074 176 4088 .
194 4036 234 4108 τῷ
250 4040 290 4088 ιε’
309 4037 357 4106 τῆς
381 4033 536 4104 Αὐγούστου
563 4033 695 4105 βασιλείας
722 4033 775 4090 ἔτει
797 4033 916 4101 ..,οάιὸ
945 4035 975 4088 δὲ
990 4031 1187 4104 Ἀλεξανδρείας

112 4124 236 4184 ἁλώσεως
255 4127 292 4184 ς’.
