3086 5086
499 418 809 524 .—'7-

173 635 229 703 τὸν
246 633 401 720 σύλλογον
421 631 619 718 οἷποιξιοὶσοις,
642 633 682 710 ὦς
697 641 766 724 ἔφη,
791 634 913 712 δούλοις
928 639 1144 721 διαλέγεσθαι.
1169 639 1244 708 Sue·

174 743 277 809 tonius
288 743 391 808 autem
403 742 441 808 de
452 741 595 826 Augusto
607 743 663 808 hoc
676 742 752 808 dicit
763 742 845 827 Aug.
860 743 902 808 53
914 743 989 830 in.¹)
1000 743 1127 825 ‚domini
1139 747 1244 830 appel·

174 849 322 916 lationem
356 850 392 914 ut
413 848 615 914 maledictum
650 850 681 914 et
704 851 899 933 opprobrium
934 869 1053 934 semper
1076 853 1242 921 exhorruit.

174 975 243 1022 cum
272 954 428 1039 spectante
462 973 496 1021 eo
530 954 619 1020 ludos
642 956 875 1038 pronuntiatum
899 959 978 1023 esset
1001 958 1033 1022 in
1057 959 1168 1024 mimo:
1208 979 1243 1039 ,o

173 1061 332 1128 dominum
365 1079 496 1143 aequum
530 1061 561 1126 et
583 1061 732 1126 bonuml“
773 1061 804 1126 et
827 1061 964 1128 universi
999 1063 1086 1146 quasi
1117 1064 1156 1130 de
1178 1064 1244 1147 ipso
1303 1079 1305 1087 ⁴

174 1168 291 1235 dictum
315 1169 502 1234 exsultantes
526 1167 790 1250 comprobassent,
826 1169 858 1234 et
881 1169 988 1234 statim
1012 1188 1106 1236 manu
1139 1157 1263 1236 vultu-¹

174 1293 232 1358 que
254 1275 412 1340 indecoras
434 1274 627 1339 adulationes
662 1275 808 1357 repressit
832 1275 863 1340 et
886 1275 1060 1359 insequenti
1099 1277 1149 1344 die
1171 1296 1244 1362 gra-

175 1381 301 1448 vissimo
336 1369 483 1464 corripuit
506 1380 622 1458 edieto;
659 1381 877 1464 dominumque
913 1402 945 1448 se
979 1384 1106 1465 posthac
1139 1384 1245 1467 appel-

173 1488 234 1554 lari
255 1509 294 1554 ne
316 1509 335 1554 a
357 1489 464 1554 liberis
488 1489 613 1571 quidem
647 1489 702 1552 aut
735 1489 896 1570 nepotibus
926 1489 989 1555 suis
1020 1491 1070 1556 vel
1093 1491 1171 1557 serio
1193 1490 1244 1558 vel

172 1595 238 1662 ioco
271 1615 379 1678 passus
414 1596 461 1660 est
491 1595 583 1678 atque
617 1593 682 1659 eius
713 1595 796 1659 modi
831 1595 1000 1661 blanditias
1035 1597 1129 1662 etiam
1163 1595 1245 1661 inter

178 1701 259 1784 ipsos
282 1700 448 1784 prohibuit‘
486 1699 540 1787 (cf.
565 1701 626 1766 Dio
650 1700 703 1778 55,
742 1703 792 1777 12,
829 1701 962 1768 2Philo
985 1703 1048 1786 leg.
1078 1703 1118 1768 ad
1143 1701 1176 1768 0.
1201 1703 1244 1768 23
1315 1783 1320 1788 ¹

177 1806 268 1874 Ouid.
292 1808 364 1874 fast.
389 1809 419 1887 2,
438 1805 527 1894 142),
551 1807 608 1872 hoc
620 1807 658 1872 de
673 1806 797 1872 Tiberio
812 1807 881 1872 Tib.
898 1809 941 1872 27
965 1827 995 1890 p.
1010 1809 1063 1886 99,
1083 1811 1155 1891 lsq.
1181 1809 1244 1888 ,do-

175 1913 278 1978 minus
301 1913 473 2010 appellatus
496 1913 656 1996 aquodam
681 1913 878 1979 denuntiavit
900 1933 939 1979 ne
962 1933 994 1979 se
1008 1913 1150 1997 ‘amplius
1174 1933 1245 1981 con-

56 2010 64 2018 ’
173 2019 321 2084 tumeliae
350 2038 442 2085 causa
464 2019 648 2084 nominaret*
674 2016 728 2102 (cf.
752 2017 812 2082 Dio
837 2018 889 2097 57,
915 2020 945 2098 8,
973 2021 1000 2083 1.
1026 2018 1072 2106 2.)

281 2125 362 2190 Dein
384 2127 416 2204 4,
443 2127 485 2190 72
514 2125 557 2191 ib.
596 2125 652 2190 hoe
688 2125 768 2209 Lydi
802 2126 977 2207 excerptum
1002 2127 1156 2192 servatum
1180 2126 1242 2190 est:

170 2228 373 2314 Ὀκτοιβιονός
407 2229 471 2304 υἱός
491 2227 654 2314 Ὀκταβίου
688 2237 776 2304 νίκας
798 2229 978 2318 πεποιηκώς
1000 2228 1141 2314 μεγάλας
1162 2233 1242 2296 πολ-

174 2340 240 2412 λοῖς
263 2332 418 2422 ὀνόμασιν
442 2333 584 2422 ἐτιμᾶτο·
609 2338 712 2421 οἱμὲν
728 2333 786 2424 γοὶρ
802 2331 900 2402 αὐτόν
915 2333 1080 2420 ὠνόμαζον
1095 2342 1243 2424 Κυρῖνον,

174 2444 267 2509 οἱονεὶ
289 2439 459 2526 Ῥωμύλον,
484 2439 577 2514 ἄλλοι
601 2449 761 2527 Καίσαρα,
785 2439 884 2531 ψήφῳ
908 2445 944 2508 δὲ
966 2439 1059 2531 κοινῇ
1079 2439 1243 2530 ἀρχιερέων

176 2545 306 2636 καὶτῆς
334 2545 451 2636 βουλῆς
481 2545 658 2632 Αὔγουστος
688 2545 862 2636 ἐπεκλήθη.
910 2545 1089 2632 Αὔγουστον
1113 2551 1150 2614 δὲ
1173 2545 1243 2616 Ῥω·

174 2661 264 2739 μαῖον
286 2654 370 2721 κατοὲ
392 2654 450 2742 τήν
473 2651 611 2742 πάτριον
634 2661 800 2743 cuppedias
835 2650 968 2721 καλοῦσι
997 2653 1053 2720 τόν
1076 2652 1242 2744 καθιερού-

175 2786 273 2846 μενον
296 2765 349 2827 καὶ
371 2757 459 2828 θεῶν
483 2758 637 2850 αὕγουρίῳ
653 2758 887 2849 προυγόμενονε
912 2761 945 2826 in
961 2763 1137 2828 universum
1160 2761 1244 2827 idem

172 2868 309 2932 traditur
331 2888 350 2934 a
373 2869 516 2935 Suetonio
539 2868 621 2952 Aug.
649 2870 667 2933 7
691 2868 743 2932 fin.
760 2888 789 2951 p.
806 2870 861 2948 40,
879 2870 992 2950 26sqq.
1019 2868 1088 2947 ,Gai
1105 2867 1243 2934 Caesaris

94 3037 100 3046 ,
174 2975 205 3038 et
228 2975 338 3040 deinde
362 2975 416 3056 [cf.
433 2975 493 3040 Dio
509 2975 563 3054 45,
588 2975 608 3040 5
631 2974 691 3058 in]
717 2975 853 3059 Augusti
876 2993 1043 3059 cognomen
1066 2973 1242 3056 assumpsit,

282 3188 309 3257 1)
328 3187 399 3242 unde
414 3187 599 3241 Tertullianus
618 3187 722 3255 apolog.
737 3187 773 3240 34
791 3187 828 3240 in.
849 3185 998 3254 ,Augustus
1012 3227 1018 3240 .
1033 3227 1039 3240 .
1053 3203 1087 3240 ne
1106 3185 1244 3240 dominnm

174 3275 282 3346 quidem
294 3275 349 3329 dici
367 3293 396 3330 se
414 3275 531 3330 volebat‘
552 3279 580 3328 et
590 3274 699 3328 Orosius
719 3276 743 3340 6,
757 3277 792 3328 22
811 3274 863 3342 (ed.
882 3275 995 3328 Haverc.
1013 3291 1039 3343 p.
1052 3275 1117 3340 448)
1132 3273 1243 3339 ,domini

173 3365 383 3434 appellationem
411 3368 448 3418 ut
475 3364 573 3417 homo
603 3362 694 3432 [deum
722 3363 807 3416 solum
832 3363 930 3416 merito
956 3363 1087 3432 appellari
1106 3361 1243 3416 dominum

173 3457 264 3507 censet
277 3452 386 3507 Orosius
404 3455 500 3522 utpote
513 3451 692 3516 christianum
712 3449 802 3505 eadem
818 3451 850 3505 de
869 3467 948 3505 causa
962 3451 1076 3505 Tertull.
1095 3452 1114 3506 l.
1127 3452 1146 3505 l.
1166 3450 1243 3504 addit

175 3545 212 3607 ,et
225 3541 274 3595 hoc
287 3543 358 3596 enim
372 3541 416 3596 dei
429 3544 471 3596 est
484 3541 652 3610 cognomen‘)
672 3539 828 3594 declinarit.
841 3555 905 3594 nam
919 3555 980 3594 cum
998 3537 1090 3594 eodem
1104 3542 1243 3609 spectante

173 3627 250 3684 ludos
268 3631 474 3699 pronuntiatum
493 3633 565 3684 esset
583 3631 613 3682 in
629 3628 744 3698 quodam
763 3630 859 3683 mimo:
881 3645 912 3692 ,o
925 3621 1063 3683 dominnm
1082 3645 1197 3699 aequum
1214 3631 1244 3683 et

171 3717 303 3773 bonum!“
323 3716 497 3788 universique
516 3719 595 3788 quasi
622 3717 653 3772 de
673 3719 730 3787 ipso
750 3717 853 3772 dictum
871 3721 943 3772 esset
962 3719 1129 3772 exsultantes
1148 3715 1242 3786 adpro·
1349 3730 1352 3737 ’

171 3806 321 3872 benissent,
349 3809 445 3861 statim
465 3806 572 3876 quidem
597 3812 688 3861 manu‘
708 3837 741 3847 -
761 3809 790 3860 et
817 3807 922 3876 reliqua
946 3806 1113 3861 Suetoniane
1131 3806 1165 3860 ad
1185 3822 1242 3859 ver·

172 3895 249 3951 bum,
264 3924 298 3936 ·-
310 3899 404 3950 -aut
422 3912 453 3950 ex
473 3895 566 3951 Orosio
583 3899 632 3950 ant
651 3913 682 3950 ex
700 3895 758 3965 ipso
776 3895 905 3950 Suetonio
916 3893 1073 3963 deprompta
1092 3897 1156 3948 sunt
1174 3909 1243 3962 quae

171 3985 301 4054 leguntur
319 3985 349 4038 in
369 3984 492 4054 ,graphia
511 4000 605 4038 aureae
632 3983 707 4038 urbis
725 3985 834 4038 Romae‘
857 3983 922 4038 haee
941 3982 1021 4037 verba
1044 3999 1111 4048 ,oum
1129 3981 1243 4050 populus

172 4071 311 4126 dominnm
329 4071 408 4126 illum
429 4071 566 4142 [August]
587 4087 680 4126 vocare
702 4071 872 4137 decrevisset,
901 4071 997 4125 statim
1015 4064 1097 4124 manu
1116 4072 1146 4123 et
1163 4069 1244 4124 vultu

172 4162 301 4230 repressit
318 4176 367 4214 nee
386 4162 470 4215 etiam
489 4177 505 4215 e
523 4161 588 4214 filiis
607 4161 662 4214 suis
681 4159 819 4216 dominum
838 4176 865 4214 se
884 4159 1014 4228 appellari
1033 4158 1175 4226 permisit‘.
