3086 5086
774 443 996 508 ..16-

350 611 410 682 τσύ
433 613 571 700 μεγάλου
594 620 782 703 Θεοδοσίου]
807 615 1022 706 ἀριθμεῖσθαι
1052 619 1088 684 αἴ
1108 621 1250 702 ἴνδικτοι,
1281 615 1417 706 ἀρξάμε·

349 746 404 788 ναι
428 719 498 790 άπύ
520 720 700 808 Αὐγούστου
722 730 884 812 Καίσαρος
906 728 942 791 ἐν
965 729 1025 790 ἔτει
1047 721 1090 790 ιε’
1112 721 1167 812 τῆς
1190 721 1285 813 άρχῆς
1307 719 1416 791 αὐτοϋ.

348 831 491 896 καλεῖται
506 831 542 895 δὲ
564 825 729 912 ι’νδικτιιόν,
752 841 914 897 τουτέστιν
936 829 1093 915 ι’νακτιιόν,
1116 829 1136 919 ἡ
1151 834 1223 919 περὶ
1244 830 1282 897 τό
1296 827 1416 897 Ἀκτιου

348 941 427 1023 νίκη.
454 932 576 1002 Ἀκτιον
598 939 637 1002 δέ
656 939 743 1002 ἐστιν
766 932 953 1024 άκριοτηριον
969 934 1171 1013 Νικοπόλεως
1192 933 1246 1025 τῆς
1256 933 1415 1025 Ἠπείρου,

348 1046 435 1108 ἔνθα
457 1037 680 1126 μαχεσάμενος
702 1039 879 1127 Αὔγουστος
911 1040 969 1109 τόν
990 1071 1026 1109 τε
1059 1040 1218 1111 Ἀντώνιον
1240 1046 1294 1110 καὶ
1317 1047 1415 1110 Κλεο-

347 1146 477 1236 πάτραν
509 1152 632 1236 ἐνίκησε
653 1146 810 1236 μόναρχος
845 1145 1049 1233 ἀναδειχθεὶς
1081 1145 1129 1238 τηῖ
1156 1147 1227 1216 τότε
1248 1146 1359 1238 χρόνῳ.
1372 1150 1415 1235 1⁵²)

347 1255 487 1321 diffusius
511 1256 548 1320 do
570 1256 628 1322 hac
651 1275 684 1322 rs
708 1256 831 1322 disserit
854 1257 984 1341 scriptor
1014 1257 1174 1324 cuiusdam
1198 1275 1233 1322 cx
1257 1256 1301 1322 ois
1324 1256 1415 1322 addi-

345 1362 491 1428 umentis
515 1381 591 1446 quac
614 1362 807 1446 imperatoris
830 1363 943 1430 Basilii
966 1364 1141 1430 Macedonis
1180 1363 1259 1429 libro
1282 1363 1415 1430 iuridico

346 1469 467 1534 adiecto
500 1469 664 1554 leguntur,
710 1469 743 1533 id
777 1471 858 1552 quod
892 1470 1021 1536 adnotat
1054 1470 1192 1536 idolerus
1226 1470 1259 1534 in
1297 1470 1413 1535 enchir.

346 1575 479 1641 chronol.
505 1578 526 1641 2
548 1595 578 1658 p.
604 1576 679 1643 358.

454 1734 532 1800 Tum
571 1737 716 1818 inopere
750 1755 779 1818 q.
803 1735 824 1799 i.
861 1735 909 1814 ‚dc
931 1735 1168 1820 magistratibus
1198 1735 1243 1800 rci
1271 1735 1413 1818 publicos

345 1840 509 1908 Romanao‘
537 1847 566 1922 1,
593 1845 634 1908 12
657 1863 687 1926 p.
714 1845 788 1923 131,
813 1844 906 1926 2sqq.
942 1843 1047 1928 Lydus
1080 1843 1136 1908 hoc
1159 1841 1272 1907 tradit:
1318 1837 1412 1908 τοῦτο

349 1945 547 2034 Τράγκυλλος
580 1952 615 2013 ἐν
650 1955 715 2023 τοῖς
748 1951 820 2035 περὶ
842 1946 1021 2032 Αὐγούστου
1056 1952 1277 2036 όιαμεμνηται.
1301 1945 1412 2014 ἰδόντα

345 2051 404 2140 γάρ
427 2074 503 2141 φησι
536 2051 593 2120 τόν
617 2050 796 2138 Αὔγουστον
819 2057 854 2118 ἐν
876 2050 924 2142 τῷ
952 2056 1215 2142 ἱπποδρομίηι
1238 2052 1327 2128 τινάς
1348 2051 1412 2120 τῶν

342 2158 502 2245 Ῥωμαίων
523 2162 578 2226 ἐπὶ
604 2158 641 2225 τό
667 2158 860 2248 βαρβαρικόν
883 2162 1095 2245 ἐσταλμένους
1117 2155 1348 2248 α’γανακτῆσαι,
1370 2157 1412 2235 ὐς

342 2268 377 2333 ἐν
417 2263 531 2356 άκαρεῖ
566 2275 870 2347 καταγνωσθέντας,
907 2262 1134 2351 άποβαλόντας
1171 2265 1208 2332 τό
1247 2263 1410 2352 βάρβαρον

342 2371 428 2458 μόγις
449 2370 738 2461 ἐπιγνωσθῆναιτηῖ
764 2380 903 2460 Καίσαρι
936 2393 1066 2455 quocum
1094 2373 1159 2438 loco
1185 2373 1248 2438 iam
1284 2373 1410 2438 Fussius

341 2480 472 2546 conferri
506 2479 595 2544 iussit
619 2479 744 2545 Sueten.
769 2479 851 2563 Aug.
876 2481 920 2545 40
936 2479 989 2544 ubi
1003 2515 1043 2525 -
1057 2480 1090 2544 in
1114 2481 1189 2545 extr.
1208 2499 1273 2563 cap.
1298 2499 1328 2562 p.
1353 2480 1407 2560 56,
1516 2537 1517 2540 ,

342 2587 455 2668 32εηη.
482 2622 522 2632 -
547 2586 622 2652 haec
647 2586 719 2652 sunt
744 2586 847 2664 ‚otiam
864 2585 1004 2651 habitum
1021 2586 1228 2670 vestitumque
1244 2587 1409 2670 pristinum

448 2850 493 2920 12)
512 2853 605 2904 contra
618 2851 672 2904 clio
691 2851 748 2905 loco
764 2867 788 2919 p.
803 2851 864 2915 303,
883 2852 916 2904 21
930 2852 1024 2904 τούτου
1044 2850 1089 2919 [so.
1103 2847 1258 2919 Αὐγούστου
1271 2851 1408 2924 Καίσαρος,

339 2941 382 2996 cui
401 2939 435 2995 56
453 2939 562 3009 imperii
580 2956 664 2994 annos
682 2939 782 2994 tribuit
800 2957 825 3009 p.
844 2941 904 3004 300,
930 2941 966 2994 22
984 2939 1034 3010 sq.]
1054 2941 1093 3012 τῷ
1110 2939 1225 3013 δευτέρῳ
1244 2938 1297 2995 ἔτει
1315 2943 1408 3012 inquit

338 3031 367 3083 οά
383 3029 496 3082 ἵνδικτσι
524 3027 720 3096 ἐπενοήθησαν.
741 3044 854 3098 quocum
881 3027 936 3082 fore
962 3028 1088 3082 convenit
1105 3027 1245 3097 Synoellus
1265 3031 1280 3084 1
1299 3046 1324 3098 p.
1343 3030 1407 3096 577,

338 3119 373 3172 13
391 3134 449 3187 sqq.
468 3116 508 3171 cd.
528 3116 629 3171 Bonn.:
658 3117 696 3190 τῷ
723 3118 797 3184 ,svi'
816 3113 869 3170 ἔτει
886 3117 935 3170 τοῦ
951 3117 1053 3187 κόσμου
1071 3115 1197 3187 δεύτερον
1223 3116 1409 3189 ἐχρημάτισεν

338 3204 493 3276 Αὐγούστου
511 3204 642 3277 Καίσαρος
659 3205 758 3276 πλῆρες
770 3203 816 3259 καὶ
833 3203 907 3277 ἀρχὴ
926 3206 975 3259 τοῦ
992 3204 1089 3276 τρίτου,
1108 3204 1139 3259 ἐν
1157 3194 1237 3278 piscat
1253 3206 1271 3274 ἡ
1290 3206 1408 3268 sucinos

336 3293 380 3350 ὑπ’
404 3293 489 3349 αὐτοῦ
500 3294 560 3362 ἢτοι
577 3295 733 3366 ἐπινέμησις
745 3293 904 3363 ἐθεσπίσθη,
920 3293 956 3355 ὥς
968 3294 1125 3366 μαρτυρεῐὸ
1139 3297 1271 3367 μακάριος
1284 3297 1408 3367 Μάξιμος

335 3385 368 3439 ἐν
385 3386 423 3457 τῷ
440 3382 568 3455 περὶτοῦ
585 3385 679 3453 πάσχα
697 3384 775 3456 λόγῳ.
795 3385 844 3438 hoc
863 3384 936 3438 onim
955 3383 1023 3438 dicit
1040 3383 1067 3438 S.
1086 3383 1234 3438 Maximus:
1260 3383 1291 3437 ἐν
1310 3381 1363 3438 ἔτει
1381 3387 1407 3454 μ

335 3475 383 3542 τῆς
401 3472 532 3543 βασιλείας
549 3471 705 3542 Αὐγούστου
723 3473 853 3545 Καίσαρος
871 3475 899 3526 αἱ
916 3473 1028 3527 λνύικτοι
1053 3472 1170 3543 ἤρξαντο
1189 3472 1350 3544 ψηφίζεθαι.
1370 3503 1406 3514 -

335 3562 447 3616 tertiam
467 3561 581 3632 deniquo
599 3562 749 3617 stultitiam
768 3562 948 3631 pronuntiant
961 3559 1036 3615 verbi
1056 3575 1135 3614 causa
1154 3562 1268 3630 scriptor
1286 3561 1406 3617 chronici

335 3649 475 3704 Paschalis
495 3652 543 3720 qui
561 3651 603 3705 ita
621 3650 705 3706 habet
723 3651 775 3706 vol.
796 3653 812 3705 1
839 3667 866 3720 p.
885 3649 945 3715 355,
965 3649 982 3704 5
1000 3666 1040 3720 sq.
1059 3648 1100 3704 cd.
1119 3649 1221 3704 Bono:
1243 3650 1407 3722 χρηματίζει

334 3740 443 3810 πρῶτον
470 3737 528 3798 ἔτος
554 3740 602 3808 τῆς
628 3737 939 3810 πεντεκαιδεκαετηρὶάος
964 3738 1019 3791 τούν
1052 3736 1177 3792 ἰνάίκτων
1209 3735 1262 3790 άπὸ
1296 3741 1406 3809 πρώτου

335 3825 408 3887 ἔτους
436 3827 515 3881 Γαΐου
538 3825 645 3881 Ἰουλίου
673 3826 803 3898 Καίσαρος
829 3831 859 3882 et
886 3843 911 3882 v.
941 3827 992 3882 17:
1019 3824 1074 3880 άπὸ
1101 3828 1208 3897 πρώτου
1231 3824 1305 3886 ἔτους
1323 3829 1405 3880 Γαΐου

329 3913 437 3969 Ἰουλίου
450 3914 579 3986 Καίσαρος
597 3916 626 3969 αἱ
643 3915 755 3970 ἵνόικτοι
772 3914 950 3989 χρηματίζειν
966 3916 1084 3989 ἤρξαντο
1102 3918 1131 3970 ot
1143 3914 1275 3984 Georgius
1287 3915 1404 3970 Humor-

333 4006 407 4060 tolus
433 4003 504 4075 apud
530 4020 608 4075 quem
631 4002 700 4060 hacc
724 4004 758 4060 dc
786 4005 861 4061 Julio
888 4005 1000 4063 caesare
1025 4005 1172 4074 leguntur:
1198 4004 1247 4063 τὰς
1271 4003 1404 4065 ἰνδίκτους
1513 3975 1514 4032 λ

332 4092 458 4165 ἐφεῦρεν.
