3086 5086
536 443 759 508 -13-

110 615 226 703 γράφοι
248 614 504 706 συνεγράψαντο,
527 617 584 682 hoe
600 637 628 700 p.
642 619 717 698 220,
744 621 839 701 lsqq.
871 616 981 694 καθώς
1003 623 1182 706 Βεργίλλτος

111 721 252 808 ὁσοφός
285 727 320 788 ἐν
354 718 396 811 τῇ
429 719 531 788 αὐτοῦ
563 720 777 812 ἆσνττδοττοιίρι
814 721 1037 812 σονεγράψατο
1060 726 1102 800 εἰς
1124 724 1181 792 τόν

110 827 224 915 ὄγδοον
258 825 361 896 αὐτοῦ
381 826 489 913 λόγον·
523 831 557 895 00
579 831 729 896 Eusebius
754 830 803 917 (ex
827 831 973 916 Porphyr.
998 833 1085 918 Pyr.)
1121 834 1178 900 hoo

111 937 264 1020 proelium
287 937 376 1002 vocat
388 935 551 1000 Actiacum
576 937 639 1002 chr.
664 936 718 1000 lib.
738 939 754 1000 1
773 935 911 1020 paginul.
933 938 997 1002 170
1013 934 1078 1024 (--
1092 938 1180 1023 169),

112 1045 153 1110 18
178 1044 303 1128 (Porph.
329 1044 364 1107 Τ.
389 1045 427 1110 fr.
454 1045 471 1107 7
496 1046 525 1124 ξ.
554 1045 595 1109 10
618 1063 666 1125 ap.
691 1043 798 1108 Muell.
826 1046 856 1122 3,
882 1045 970 1129 724),
994 1045 1180 1111 Pausaniam

110 1151 215 1216 autem
238 1170 257 1215 a
280 1151 396 1215 Malala
419 1151 471 1215 hio
495 1151 526 1214 00
548 1149 705 1215 nonnullis
740 1149 811 1214 aliis
834 1151 927 1229 10010,
958 1170 1047 1232 porro
1070 1171 1089 1216 a
1113 1151 1180 1218 eu-

109 1261 211 1342 phano
226 1259 378 1342 Byzantio
400 1255 562 1322 laudatum
575 1255 602 1344 9)
627 1257 735 1340 proelii
758 1258 881 1323 Actiaci
903 1258 1081 1324 meminisse
1114 1259 1180 1324 veri

109 1365 213 1431 simile
236 1384 296 1430 non
320 1366 383 1441 00ος
408 1365 490 1430 oerte
513 1383 609 1448 neque
633 1365 683 1428 hio
698 1383 796 1447 neque
811 1365 962 1430 Eusebius
985 1385 1082 1448 neque
1105 1366 1180 1448 puto

109 1473 271 1556 quisquam
292 1471 373 1537 alius
396 1471 526 1553 soriptor
542 1471 677 1536 Malalae
695 1490 861 1554 suggerere
877 1472 999 1554 poterat
1015 1471 1094 1554 quod
1110 1471 1179 1554 post

110 1597 217 1644 vocem
232 1574 335 1643 τόπον
351 1577 446 1642 refert
459 1578 511 1644 καὶ
522 1571 738 1660 φονεύσαντος
749 1573 864 1651 aduenis
887 1576 944 1662 (of.
964 1597 993 1660 p.
1007 1579 1082 1656 220,
1096 1579 1113 1642 7
1134 1602 1178 1642 ντ-

109 1681 208 1772 κήσας
231 1681 248 1748 ὁ
278 1679 454 1766 Αὔγουστος
466 1679 668 1766 Ὀκταβιανός
690 1679 841 1767 ἐφόνευσε
862 1681 918 1748 τὸν
941 1679 1178 1770 Ἁντώνιον)10).

107 1791 136 1856 01
152 1791 258 1855 autem
277 1809 346 1854 oum
357 1789 507 1854 Muellero
528 1788 655 1876 (fragm.
677 1789 808 1868 10114,
828 1788 909 1876 471)
928 1789 1178 1854 000000000110-

108 1895 230 1962 sebium
254 1896 285 1961 00
306 1895 491 1960 Pausaniam
514 1897 662 1978 tanquam
685 1895 779 1960 totius
803 1915 911 1980 regum
933 1896 1177 1962 Ptolemaeorum

109 2002 255 2068 laterculi
290 2002 368 2084 quod
391 2003 507 2086 legitur
530 2002 601 2066 inde
634 2021 746 2086 apag.
781 2003 855 2082 196,
880 2005 923 2068 22
953 2004 1090 2068 auctores
1113 2021 1179 2068 esse
1298 2053 1300 2060 .

106 2109 279 2175 nominatos
297 2145 337 2158 —
355 2128 415 2174 non
438 2110 535 2174 solum
559 2107 664 2173 ultimi
687 2109 839 2174 enuntiati
862 2128 932 2192 ap.
958 2111 1031 2189 197,
1057 2111 1076 2174 9
1100 2109 1178 2174 1001-

106 2215 221 2298 010000,
243 2215 326 2298 quod
349 2214 436 2297 ponit
458 2214 634 2280 Diodorfius
657 2215 732 2279 hist.
757 2214 863 2280 Gnaeo.
889 2216 963 2280 min.
991 2217 1020 2294 1,
1036 2217 1099 2281 164
1124 2253 1175 2294 -,

105 2323 174 2386 tum
210 2320 509 2386 animadvertentum
544 2320 638 2386 etiam
671 2320 713 2384 sit
736 2321 815 2402 quod
837 2321 1006 2386 Muellerus
1037 2320 1177 2386 animad-

106 2426 202 2494 vertit
235 2427 420 2492 laterculum
454 2425 538 2490 istud
573 2445 641 2491 oum
665 2427 791 2492 11000011
814 2428 950 2492 numeris
984 2446 1176 2510 nequaquam

106 2533 288 2600 consentire.
322 2534 354 2597 et
387 2531 548 2616 Vergilius
580 2533 613 2596 10
647 2533 800 2598 Aeneidos
834 2533 957 2599 libro8
992 2535 1068 2600 haee
1092 2534 1176 2599 canit

107 2640 151 2726 (v.
176 2640 255 2724 675)
287 2639 330 2718 ,10
353 2639 452 2704 medio
477 2639 588 2722 [clipeo
611 2639 747 2724 Aeneae]
772 2640 880 2705 elassis
903 2641 1031 2713 aeratas.
1055 2640 1175 2706 Aetia

106 2747 236 2826 bella,
272 2764 393 2811 eernere
428 2746 505 2810 0001ι
539 2765 670 2830 pergens
700 2747 823 2828 quidem
853 2746 899 2811 ita
929 2747 1097 2830 ,totumque
1127 2747 1176 2812 in-

100 3011 103 3018 '
214 3011 241 3080 9)
261 3012 316 3081 001,
336 3011 418 3080 Syrus
436 3014 466 3065 et
484 3011 594 3081 quidem
612 3010 685 3066 haud
698 3011 914 3082 improbabiliter·
927 3013 1107 3067 Damascenus
1126 3012 1175 3066 ille

105 3115 187 3170 quam
205 3098 400 3154 Constantinus
418 3100 548 3169 Porphyr.
571 3099 604 3154 de
623 3101 707 3155 thern.
726 3102 741 3154 1
761 3117 786 3170 p.
807 3101 849 3165 18,
879 3101 894 3154 7
913 3102 986 3155 inter
1004 3101 1175 3170 geographos

103 3189 234 3251 recenset,
253 3204 306 3242 non
333 3189 420 3256 egisse
438 3187 547 3242 videtur
565 3189 619 3243 nisi
638 3189 670 3244 de
688 3189 768 3258 Syria
786 3185 831 3258 (o'f.
850 3189 971 3244 Mueller.
991 3192 1016 3256 4,
1035 3191 1108 3260 467).
1128 3206 1174 3244 our

103 3277 177 3330 enirn
198 3275 346 3330 Sohubarto
372 3276 569 3346 adstipulamur
596 3278 667 3332 huno
691 3279 853 3332 Pausaniam
872 3279 981 3347 putanti
1000 3295 1016 3332 a
1035 3278 1174 3347 periegeta

102 3381 158 3420 non
177 3381 235 3419 esse
247 3364 383 3420 diversum
397 3382 504 3421 oausam
523 3383 576 3421 non
589 3366 680 3430 uideo;
699 3366 746 3420 sed
764 3367 787 3420 is
801 3383 905 3437 quoque
919 3384 987 3438 quae
1005 3367 1073 3422 feeit
1091 3367 1173 3422 verba

100 3454 128 3518 8,
148 3453 174 3518 8,
194 3455 301 3507 ranon
328 3457 417 3523 magia
445 3471 525 3524 quam
552 3455 663 3510 Eusebii
691 3471 751 3510 oum
778 3455 955 3511 adnotatione
983 3458 1038 3512 ista
1056 3456 1174 3512 Malalae

101 3541 276 3597 conveniunt.

213 3630 258 3698 10)
277 3629 309 3684 cf.
329 3634 421 3686 tamen
440 3633 660 3704 χρονογραφεῖον
687 3631 822 3705 σύντομον
838 3635 960 3704 paginul.
981 3637 1041 3699 100,
1062 3635 1095 3688 18
1115 3650 1172 3704 sqq.

100 3716 211 3787 (Euseb.
232 3719 283 3773 vol.
303 3721 318 3774 1
338 3720 463 3791 append.)
483 3719 524 3775 ad.
542 3721 669 3776 Schoen:
694 3721 846 3791 Αὔγουστος
864 3724 977 3792 φονεύει
1001 3723 1173 3792 Κλεοπάτραν

101 3850 107 3863 .
129 3847 137 3862 .
157 3847 164 3864 .
185 3850 191 3862 .
212 3805 257 3860 καὶ
275 3808 442 3878 ἐβασίλευσεν
459 3809 612 3878 Αὔγουστος
629 3812 700 3882 μετὰ
718 3812 747 3866 τὸ
767 3813 899 3882 φονεῦσαι
917 3813 1091 3882 Κλεοπάτραν
1110 3852 1116 3865 .
1136 3851 1143 3864 .
1163 3851 1170 3864 .

99 3898 130 3952 00
149 3895 259 3952 Tnetaea
277 3897 340 3952 chit.
360 3899 376 3952 9
395 3899 460 3952 hist.
480 3899 515 3953 76
533 3916 589 3968 sq.:

263 3983 308 4039 καὶ
325 3987 374 4039 τὸν
388 3984 530 4040 ’Λντώνιον
548 3983 631 4040 αὐτὸν
649 3987 758 4060 ἡρωϊκῷ
775 3989 814 4060 τῷ
831 3990 920 4060 τρόπῳ

263 4075 368 4136 πολλοῖς
386 4075 517 4130 ἐνστάντα
534 4077 670 4148 καρτερῶς
687 4073 849 4131 ἀπέκτειναν
866 4077 899 4146 τῇ
924 4077 1008 4148 μα’χῃ,
