3086 5086
733 459 944 526 ..70-

306 637 372 704 tum
397 636 521 703 demum
544 637 584 702 66
606 635 757 720 liquidum
774 636 901 720 perduci
923 657 993 702 cum
1017 655 1115 702 annus
1139 637 1276 703 exeuntis
1295 637 1374 704 belli

305 743 474 811 Pannonici
488 743 613 809 aliunde
628 743 690 807 iam
706 745 891 810 const'tutus
907 745 949 808 sit
965 763 1018 826 pro
1035 745 1117 808 certo
1132 745 1239 810 habeo.
1264 763 1372 829 pugna

307 849 390 916 euim
413 849 450 915 66
473 869 532 933 qua
555 849 693 914 Velleius
717 850 747 929 2,
780 851 848 928 112,
872 852 960 916 4-6
983 850 1082 916 fusius
1115 851 1239 933 exponit
1268 850 1370 916 neuti-

306 976 397 1040 quam
420 956 527 1022 eadem
551 957 599 1022 est
620 973 712 1038 quam
735 957 795 1021 Dic
811 955 864 1035 55,
890 957 943 1035 32,
968 957 988 1021 3
1011 954 1145 1022 breviter
1167 957 1370 1040 perstringit:

212 1055 215 1060 ’
304 1063 379 1128 licet
401 1063 461 1128 666
483 1062 539 1127 1116
561 1062 676 1144 proelia
699 1061 779 1128 inter
813 1081 845 1128 se
868 1063 983 1128 similia
996 1064 1006 1072 “
1019 1062 1082 1127 sint
1108 1063 1139 1128 et
1173 1063 1207 1126 in
1240 1065 1370 1146 utroque

305 1169 387 1236 idem
410 1168 615 1234 Romanorum
639 1168 698 1232 dur
722 1167 759 1233 Α.
779 1167 909 1234 Caecina
929 1168 1057 1234 Severus
1081 1169 1238 1251 appareat,
1263 1168 1370 1232 tamen

305 1275 440 1342 narratio
462 1275 553 1340 huius
586 1293 708 1359 pugnae
742 1275 823 1358 apud
846 1275 1001 1340 Velleium
1031 1277 1097 1338 tam
1132 1275 1198 1340 arte
1228 1275 1370 1340 cohaeret

306 1401 374 1448 cum
399 1381 534 1448 eiusdem
558 1381 668 1464 capitis
699 1382 798 1461 initio,
835 1381 913 1464 6666
948 1381 1071 1464 quidem
1095 1380 1134 1446 ad
1157 1399 1185 1445 a.
1212 1379 1276 1445 759
1300 1399 1370 1463 par-

305 1489 404 1554 tinere
436 1488 501 1570 ipse
536 1487 731 1554 abrahamus
764 1508 794 1570 p.
822 1489 861 1552 14
884 1485 1105 1574 6666666180),
1141 1488 1176 1552 ut
1203 1487 1244 1552 66
1273 1506 1371 1552 unum

307 1593 496 1676 eundemque
518 1611 633 1660 annum
656 1594 794 1676 spectare
817 1594 954 1678 putanda
977 1595 1035 1672 sit;
1058 1613 1154 1677 neque
1179 1593 1309 1676 qrradrat
1331 1593 1373 1660 66

307 1699 387 1765 hanc
410 1718 475 1764 rem
499 1699 717 1783 expediendam
742 1700 825 1768 locus
848 1701 888 1765 66
911 1720 1000 1784 quam
1031 1700 1088 1765 ille
1109 1720 1140 1782 p,
1166 1701 1208 1764 14
1229 1702 1374 1782 provocat

308 1805 417 1872 Dionis
441 1805 494 1885 55,
520 1807 573 1886 30,
598 1807 629 1885 6,
652 1807 707 1872 ubi
729 1808 858 1890 scriptor
882 1807 981 1873 medio
1005 1807 1128 1888 quidem
1151 1807 1195 1872 in.
1213 1806 1373 1872 enuntiato

307 1913 346 1978 ab
369 1930 448 1978 anno
473 1911 537 1977 759
560 1912 600 1977 66
623 1932 650 1977 6.
677 1914 741 1979 760
764 1914 888 1993 transit,
921 1913 980 1988 sed,
997 1913 1103 1977 tamon
1126 1913 1200 1976 anni
1225 1912 1289 1977 760
1312 1911 1374 1978 ini·

310 2019 390 2082 tium
414 2017 496 2084 claro
520 2017 646 2084 indicat.
670 2020 774 2101 itaque
797 2038 866 2085 mea
899 2019 1052 2085 sententia
1075 2017 1254 2084 Velleianus
1287 2019 1374 2084 locus

306 2124 346 2189 66
369 2123 402 2188 16
425 2123 602 2190 referendus
626 2124 773 2207 estquod
797 2125 857 2190 Dio
881 2146 905 2191 s.
929 2145 957 2191 a.
977 2125 1040 2190 759
1065 2123 1162 2190 tradit
1183 2123 1236 2205 55,
1262 2125 1315 2203 30,
1342 2127 1373 2204 3,

309 2231 383 2296 6666
406 2231 538 2295 Batones
562 2231 671 2296 Seuero
694 2231 806 2296 acriter
830 2231 997 2296 restitisse:
1022 2251 1150 2313 quocum
1174 2251 1234 2296 nou
1252 2233 1374 2316 pugnat

307 2337 386 2420 6666
409 2336 546 2402 Velleius
569 2336 646 2402 dicit
668 2338 819 2418 postremo
834 2337 986 2403 Romanos
1002 2337 1162 2403 victoriam
1186 2337 1248 2404 sibi
1269 2338 1374 2403 viudi-

308 2461 400 2515 cassc.
437 2460 509 2506 nam
540 2461 610 2507 cum
645 2441 699 2506 hos
723 2461 837 2524 quoque
871 2443 1090 2508 detrimentum
1125 2442 1208 2507 haud
1243 2463 1375 2526 parvum

307 2547 422 2630 cepisse
454 2547 520 2629 ipsc
543 2546 680 2612 Velleius
703 2547 844 2626 testetur,
881 2548 913 2612 in
948 2549 1126 2614 universum
1160 2551 1282 2632 utrique
1305 2552 1374 2633 pari

306 2654 429 2722 fortuna
452 2652 500 2718 usi
523 2653 620 2718 eraut.
645 2654 690 2718 eis
713 2672 789 2736 6666
819 2653 901 2736 apud
935 2656 1097 2737 utrumque
1121 2655 1289 2737 sequuntur
1312 2655 1373 2722 Dio

308 2761 339 2824 et
362 2760 499 2826 Velleius
522 2760 744 2825 consentientes
768 2761 904 2825 referunt
928 2758 1002 2846 (Dic
1025 2761 1087 2824 11.
1113 2759 1140 2842 6.
1165 2762 1188 2826 4
1210 2761 1320 2826 Vellei.
1340 2763 1372 2841 2,

309 2869 383 2946 113,
408 2863 443 2952 3)
467 2865 578 2930 hiemis
612 2865 702 2931 initio
735 2865 892 2931 Tiberium
917 2865 1046 2932 Sisciam
1071 2885 1103 2932 se
1137 2868 1373 2955 contulissem).

307 2971 386 3054 6666
409 2973 512 3038 autem
535 2971 672 3037 Velleius
706 2972 829 3038 silentio
863 2972 1084 3056 praetermittit
1107 2973 1264 3039 Tiberium
1288 2974 1374 3040 haud

412 3237 458 3308 80)
475 3252 594 3306 pugnam
622 3252 638 3291 a
666 3237 770 3292 Velleio
797 3237 841 3291 hic
868 3237 983 3292 relatam
1010 3237 1150 3292 Messalini
1178 3237 1290 3292 eandem
1315 3254 1375 3293 esse

307 3342 387 3397 quam
404 3324 457 3380 Dio
476 3326 519 3391 55,
547 3327 590 3390 30,
617 3328 634 3380 2
661 3329 756 3381 narrat
782 3325 882 3382 Abrah.
911 3343 936 3396 p.
956 3327 989 3381 13
1009 3326 1070 3382 666.
1089 3329 1124 3382 36
1144 3327 1229 3392 vidit3
1259 3330 1287 3382 et
1311 3344 1374 3382 cnm

306 3413 376 3484 apud
393 3413 508 3469 Dionem
526 3429 630 3486 666666
657 3415 684 3470 h.
703 3416 722 3470 l.
741 3430 848 3484 pugnae
874 3415 955 3470 istius
981 3417 1078 3486 prioris
1107 3416 1199 3471 Severi
1227 3415 1374 3486 descriptio

306 3503 492 3574 subsequatur,
518 3519 549 3558 eo
567 3505 656 3573 magis
683 3504 732 3559 illa
750 3504 897 3575 [sententia
924 3505 993 3558 mihi
1019 3505 1157 3574 probatur.
1185 3504 1308 3574 -quod
1336 3506 1373 3560 66

306 3591 443 3661 scriptoris
460 3593 626 3647 sententiam
649 3593 699 3647 hac
717 3593 778 3648 adn.
798 3594 947 3663 expositam
965 3595 1069 3648 attinet
1096 3611 1127 3648 ex
1146 3611 1198 3664 666
1215 3593 1267 3647 Dio
1286 3610 1307 3648 6.
1327 3595 1374 3660 30,

306 3681 376 3736 3-6
402 3681 473 3735 male
501 3679 607 3736 easdem
631 3697 673 3736 res
699 3685 807 3750 repetat
833 3699 899 3752 quas
926 3682 981 3736 iam
1006 3699 1026 3736 c.
1047 3685 1089 3748 99,
1109 3684 1180 3737 3-4
1204 3685 1373 3748 narraverat,

305 3755 466 3824 monendum
485 3769 594 3824 videtur
612 3785 672 3824 esso
688 3771 737 3825 hac
756 3773 828 3826 certe
845 3788 874 3825 re
893 3771 958 3826 duas
977 3772 1123 3827 relationes
1142 3772 1215 3826 inter
1233 3770 1375 3826 66616666-

305 3874 368 3926 pare
389 3856 459 3928 6666
477 3859 520 3924 29,
538 3859 557 3913 4
575 3857 645 3913 Bato
663 3859 749 3928 primo
768 3857 876 3930 qnidam
896 3860 992 3924 victus,
1019 3859 1082 3913 dein
1101 3859 1193 3914 autem
1212 3859 1307 3924 victor,
1327 3861 1374 3925 30,

306 3947 323 4001 6
342 3950 433 4002 autem
452 3947 587 4002 Pannonii
605 3947 659 4002 fusi
678 3948 810 4004 dicantur.

412 4055 457 4126 81)
475 4055 517 4110 ita
536 4055 619 4110 etiarn
639 4055 771 4126 Sauppius
789 4057 890 4111 statuit
908 4057 937 4110 in
956 4072 1023 4110 mus.
1037 4055 1145 4111 Helvet.
1164 4056 1217 4110 vol.
1232 4057 1246 4110 1
1267 4056 1371 4125 p.140.
