3086 5086
793 485 1003 550 ..22-

367 664 416 749 git
439 661 560 748 Lydus:
583 657 748 750 ἐπισήμοις
776 686 811 726 τε
833 656 936 728 πᾶσιν
967 658 1123 750 ἐχρήσατο
1146 653 1191 738 οἷς
1212 660 1229 728 ὁ
1251 661 1359 751 πατὴρ
1379 667 1427 732 καὶ

367 775 542 858 στρατείαις
564 775 621 835 καί
640 763 749 846 τάξεσι
778 774 835 834 καί
862 764 1043 856 δορυφόροις
1066 764 1150 844 ὅσοις
1178 766 1195 834 ὁ
1225 765 1376 854 Ῥωμύλος
1396 797 1427 836 τε

367 879 420 942 καὶ
443 872 564 950 πάντες
586 876 617 942 oo‘
638 871 697 942 ἀπ’
733 869 834 940 αὐτοῦ
864 885 952 962 μέχρι
980 870 1099 942 τούτων
1132 870 1297 963 ἐχρήσατο,
1331 873 1427 960 μόνον

367 981 423 1050 τόν
455 982 621 1070 ἵππαρχον
655 981 697 1058 είς
730 986 871 1069 ἔπαρχον
907 979 1097 1065 μεταβαλών
1132 978 1265 1070 ὀχήματι
1299 981 1428 1072 τιμήσας

368 1087 560 1179 ὑπερηφάνῳ
581 1093 617 1168 ἐξ
651 1085 783 1177 άργύροο
816 1097 1021 1177 πεποιημένῳ
1054 1090 1107 1154 καὶ
1140 1085 1232 1166 τάξιν
1265 1091 1427 1179 πολιτικήν

369 1194 548 1281 άπονείμας
559 1191 649 1285 adep?
665 1201 852 1284 πειθαρχεῖν
868 1191 1118 1278 Αὖγοοσταλίοος
1132 1197 1168 1274 ἐξ
1180 1193 1283 1262 αὐτοῦ
1295 1199 1430 1272 καλέσας

369 1301 493 1380 αὐτούς.
517 1305 690 1388 insignibus
713 1303 827 1368 eisdem
851 1303 961 1386 quibus
984 1301 1142 1368 Caesarem
1164 1303 1344 1370 dictatorem
1368 1307 1429 1370 Au·

369 1413 497 1496 gustum
520 1429 636 1494 quoque
670 1429 734 1475 esse
769 1429 859 1474 usum
892 1410 925 1474 in
947 1409 1124 1474 universum
1147 1411 1271 1494 quidem
1294 1413 1377 1478 recte
1400 1433 1430 1478 sc

369 1517 473 1596 habet,
508 1516 602 1582 vestis
636 1517 740 1582 tamen
774 1515 970 1598 triumphalis
1004 1515 1127 1582 Caesari
1161 1519 1243 1599 patri
1272 1537 1326 1600 pro
1350 1519 1429 1584 omni

369 1625 435 1690 looo
457 1624 488 1690 et
510 1625 655 1706 tempore,
690 1623 753 1688 filio
786 1624 948 1687 autemut
984 1623 1103 1690 uidetur
1137 1644 1191 1707 pro
1214 1625 1321 1691 diebus
1344 1627 1432 1692 festis

370 1733 493 1798 tantum
517 1733 548 1796 et
581 1731 663 1796 ludis
697 1749 837 1824 concessa
871 1730 917 1796 est
949 1727 1104 1816 (Momms.
1138 1731 1159 1799 l.
1194 1733 1215 1798 l.
1243 1735 1271 1810 1,
1295 1735 1359 1798 401
1385 1734 1430 1801 ed.

371 1836 457 1925 sec),
481 1857 550 1904 oum
566 1838 697 1922 pugione
714 1858 730 1903 e
747 1837 897 1904 contrario
913 1837 1011 1902 Divus
1027 1838 1129 1904 Julius
1152 1839 1287 1906 nondum
1303 1859 1375 1906 usus
1391 1841 1433 1906 sit

237 1981 239 1984 ·
284 1998 288 2007 .
371 1945 424 2010 sed
448 1943 635 2009 Octavianus
658 1943 780 2008 demum
803 1945 859 2029 (id.
885 1947 925 2012 ib.
950 1965 978 2026 p.
1004 1947 1100 2031 418);
1124 1945 1156 2012 et
1179 1947 1258 2030 quod
1282 1948 1321 2013 ad
1345 1949 1430 2013 lioto-

371 2069 440 2116 rum
463 2049 600 2134 Augusti
623 2049 736 2114 attinet
758 2069 918 2118 numerum
943 2050 1030 2136 (quid
1046 2053 1128 2118 enim
1143 2053 1203 2120 sibi
1220 2054 1318 2119 velint
1340 2076 1432 2141 στρα-

371 2162 450 2223 τεῖαι
473 2157 504 2222 et
525 2151 629 2232 τάξεις
652 2156 724 2222 illae
755 2177 813 2222 uon
837 2158 948 2243 video),
979 2177 1011 2222 re
1034 2178 1105 2224 uera
1129 2161 1209 2226 sicut
1230 2180 1318 2246 reges
1342 2163 1373 2226 et
1395 2163 1433 2225 li-

372 2265 463 2330 berae
485 2263 530 2329 rei
553 2262 692 2346 publicae
723 2265 860 2330 consules
892 2265 1055 2330 decemuiri
1078 2266 1196 2332 tribuni
1218 2267 1284 2331 mil.
1309 2287 1434 2349 procon-

373 2369 509 2457 sules1⁷)
533 2370 578 2434 ita
607 2369 701 2434 etiam
733 2372 891 2454 Angustus
917 2407 957 2418 —-
982 2391 1016 2436 ex
1044 2390 1121 2436 anno
1146 2374 1210 2438 726
1235 2410 1276 2419 -
1299 2373 1436 2438 fascibus

374 2496 445 2542 usus
468 2478 514 2541 est
537 2475 696 2540 duodecim
730 2475 923 2561 (Mommsen.
962 2482 990 2556 1,
1027 2480 1091 2543 366
1126 2478 1215 2565 sqq.).
1240 2500 1309 2545 oum
1332 2480 1436 2545 verbis

373 2581 428 2648 τὸν
451 2580 528 2648 ἴππ.
554 2618 594 2628 -
619 2577 807 2665 μεταβαλών
831 2581 870 2648 cf.
904 2584 933 2661 2,
970 2584 989 2648 6
1023 2604 1053 2667 p.
1092 2586 1185 2666 170ss
1212 2587 1242 2664 2,
1269 2588 1310 2650 13
1334 2585 1376 2649 in.
1403 2587 1434 2662 2,

376 2690 417 2754 19
451 2709 480 2772 p.
517 2687 591 2766 184,
625 2689 734 2771 4sqq.
769 2686 917 2775 (Schultz,
942 2692 1058 2772 quaest.
1083 2691 1160 2775 Lyd.
1184 2711 1212 2774 p.
1243 2691 1301 2779 49)
1336 2695 1365 2771 1,
1392 2694 1436 2758 14

373 2816 403 2880 p.
430 2796 526 2878 131p2
550 2796 646 2878 1,,15
670 2815 699 2878 p.
725 2797 789 2861 132
823 2796 874 2860 fin.
912 2798 942 2861 ct
975 2798 1158 2879 Pomponius
1192 2799 1265 2883 Dig.
1293 2800 1321 2878 1,
1347 2799 1377 2878 2,
1404 2800 1438 2877 2,

378 2903 418 2970 19
442 2903 474 2968 et
496 2921 585 2986 quem
606 2903 672 2968 loco
696 2905 725 2980 1,
751 2904 793 2968 14
815 2903 867 2970 cit.
890 2906 954 2986 ipse
977 2904 1080 2988 Lydus
1103 2903 1136 2968 in
1151 2905 1360 2970 testimonium
1385 2926 1438 2970 vo·

376 3011 425 3076 cat
449 3007 503 3096 (of.
526 3009 708 3074 Dirksenius
731 3029 788 3076 scr.
819 3009 905 3076 miso.
932 3013 961 3090 1,
985 3011 1026 3076 68
1050 3011 1150 3078 Berol.
1180 3013 1276 3092 1841,
1301 3012 1437 3078 Schultz.

374 3137 405 3202 p.
430 3115 465 3201 8)
487 3116 631 3182 Aurelius
653 3116 805 3184 Arcadius
825 3114 981 3182 Charisius
1003 3118 1076 3202 Dig.
1102 3121 1131 3196 1,
1157 3119 1215 3196 11;
1239 3119 1380 3185 Momms.
1407 3120 1439 3196 2,

378 3224 463 3290 1028
488 3241 556 3288 oum
580 3223 650 3290 adn.
673 3225 705 3304 4,
729 3223 821 3290 etde
844 3225 1035 3308 praefectura
1059 3226 1126 3308 ipsa
1149 3225 1293 3309 praetorii
1316 3227 1356 3290 ab
1371 3226 1440 3290 Au-

376 3331 468 3416 gusto
490 3329 635 3395 instituta
657 3330 724 3418 [Dio
748 3331 802 3412 55,
828 3333 878 3411 10,
905 3334 955 3400 10.
978 3335 1013 3397 ut
1036 3331 1108 3396 dein
1129 3334 1335 3398 commentum
1358 3331 1443 3396 illud

378 3437 415 3503 de
437 3457 528 3504 curru
550 3445 696 3522 argenteo
726 3457 817 3522 quem
839 3437 999 3523 Augustus
1021 3438 1175 3521 praesecto
1195 3441 1292 3521 praet.
1318 3438 1444 3504 dederit

376 3546 575 3628 praeteream,
593 3545 694 3612 verbis
712 3541 803 3623 τάξιν
819 3543 983 3632 πολιτικὴν
1006 3542 1185 3630 ἀπονείμας
1200 3542 1288 3634 αὐτῷ
1300 3554 1443 3633 πειθαρ·

486 3847 530 3916 17)
548 3844 581 3900 de
609 3845 788 3901 dictatoribus
815 3845 869 3901 uid.
891 3846 1046 3902 Mommsen.
1065 3849 1089 3912 1,
1117 3848 1184 3902 367:
1212 3848 1258 3917 qui
1276 3861 1446 3918 quamquam

378 3935 481 4005 viginti
497 3937 626 4005 quattuor
638 3932 776 3990 habebant
792 3935 902 3992 lictores
919 3936 994 4008 Lydo
1007 3936 1156 4006 excipiendi
1173 3951 1226 3992 non
1245 3938 1323 3990 crant
1341 3937 1446 4006 quippe

378 4025 426 4096 qni
443 4039 514 4092 mog.
535 4026 559 4089 1,
578 4025 613 4081 37
630 4041 657 4096 p.
677 4024 737 4088 149,
758 4027 776 4080 2
794 4041 882 4082 errore
900 4043 916 4081 a
934 4026 1071 4082 Schultzio
1090 4024 1204 4096 (quaest.
1222 4023 1290 4094 Lyd
1308 4027 1381 4094 port.
1400 4041 1445 4094 pr.

378 4113 529 4184 Gryphisu.
549 4115 619 4170 1862
636 4131 662 4184 p.
681 4115 726 4183 52)
744 4114 877 4184 explicato
902 4113 1040 4169 duodecim
1067 4115 1176 4168 tanturn
1201 4111 1285 4167 fasces
1309 4111 1447 4168 dictatori

378 4201 492 4258 tribnat.
