3086 5086
738 432 1024 497 -64-·

320 607 429 675 deinde
452 607 583 690 suspicio
617 626 720 673 eornm
755 607 807 690 qui
840 606 1017 691 Augustum
1041 625 1061 672 a
1083 605 1173 673 Livia
1198 627 1313 674 veneno
1337 609 1394 674 in-

315 713 501 796 teremptum
524 714 675 797 putabant
697 733 716 778 a
738 712 837 777 Dione
869 713 936 796 (56,
961 713 1004 778 30
1027 712 1085 796 in.)
1108 715 1140 778 et
1162 714 1270 780 Tacito
1294 715 1339 800 (1,
1365 717 1387 780 5

315 818 357 886 in.
381 839 416 883 er
439 838 496 901 quo
520 818 601 884 Vici.
634 839 680 903 ep.
708 822 737 900 1,
762 816 819 905 26)
843 819 1044 904 memoratur,
1068 819 1158 902 plane
1182 821 1286 884 autem
1310 820 1388 885 reti·

316 926 400 992 cetur
434 945 453 990 a
489 925 631 990 Suetonio
667 924 787 1010 (Reicb.
823 944 852 1006 p.
884 925 936 991 26.
968 925 1009 988 31
1035 923 1075 990 ef.
1100 923 1147 1010 9).
1171 944 1262 1008 quem
1285 926 1388 1010 igitur

314 1031 363 1095 his
386 1031 462 1098 locis
484 1031 544 1096 Dio
568 1033 599 1096 et
622 1031 749 1097 Tacitus
780 1048 972 1096 communem
1002 1031 1157 1096 auctorem
1181 1031 1278 1096 secuti
1301 1032 1386 1111 sunt,

315 1155 384 1202 eum
421 1137 583 1202 Suetonius
616 1156 675 1202 non
710 1135 863 1202 adhibuit.
899 1135 929 1220 (e
963 1137 1080 1202 Tiberii
1114 1138 1243 1204 historia
1281 1138 1386 1204 simile

314 1242 486 1324 exemplum
508 1243 615 1309 Reich.
640 1262 668 1326 p.
694 1245 734 1307 31
760 1241 894 1327 attulit.)

422 1347 505 1412 Num
531 1348 659 1433 denique
693 1349 753 1414 Dio
781 1349 860 1431 quod
883 1348 977 1414 refert
1001 1350 1054 1428 56,
1079 1349 1132 1429 30,
1158 1350 1188 1415 3.
1212 1351 1234 1414 4
1258 1349 1296 1416 de
1318 1369 1385 1414 mo-

312 1453 411 1519 riente
434 1455 577 1538 Augusto
611 1452 813 1542 ἀρρωστήσας
846 1451 917 1530 τούς
949 1481 984 1520 σε
1017 1455 1158 1542 ἑταίρους
1191 1451 1383 1521 συνεκάλεσε

312 1563 366 1624 καὶ
387 1558 485 1626 εἰπών
508 1557 613 1636 αὐτοῖς
635 1556 699 1627 ὅσα
720 1564 827 1648 ἔχρῃζε
848 1564 937 1636 τέλος
959 1566 1019 1648 ἔφη
1036 1557 1084 1627 ὅτι
1098 1559 1155 1649 την
1177 1557 1294 1649 Ῥώμην
1316 1567 1380 1648 γηί-

312 1689 370 1752 νην
392 1665 591 1750 παραλαβών
613 1669 742 1754 λιθίνην
766 1664 840 1751 ὗμῑν
873 1669 1067 1734 καταλείπω.
1101 1661 1196 1732 τοῦτο
1229 1671 1289 1750 μὲν
1324 1655 1384 1732 οὖν

293 1765 451 1866 1οὖττιρός
484 1770 521 1838 ed
542 1768 605 1840 τῶν
629 1770 890 1862 οἰκοδομημάτων
923 1769 1019 1860 αὐτῆς
1041 1770 1165 1858 ἀκριβὲς
1193 1768 1279 1838 ἄλλα
1303 1769 1384 1856 πρὸς
1451 1814 1459 1832 .

310 1874 423 1964 τὸτῆς
446 1875 540 1966 ἀρχῆς
568 1878 696 1966 ἰσχυρόν
730 1881 908 1956 ἐνεδείξατο
943 1899 1043 1944 errore
1076 1899 1131 1963 pre
1166 1879 1209 1944 eis
1244 1877 1384 1962 posuerit

311 2001 388 2068 quae
412 1984 557 2067 leguntur
581 1985 662 2067 apud
686 1985 864 2051 Suetonium
899 1985 982 2070 Aug.
1020 1985 1061 2050 28
1096 2005 1126 2068 p.
1162 1984 1216 2064 50,
1247 1985 1289 2049 36
1315 2003 1382 2068 sqq.

311 2088 414 2173 (quem
437 2091 556 2174 locum¹
574 2090 625 2156 hic
648 2091 711 2155 iam
755 2091 861 2158 Reieh.
893 2112 922 2174 p.
948 2093 988 2156 21
1025 2090 1170 2174 adscivit)
1195 2091 1313 2170 ,urbem
1338 2139 1346 2154 .
1374 2140 1382 2154 .

311 2195 442 2262 excoluit
464 2196 539 2262 adeo
562 2197 598 2261 ut
632 2197 696 2262 iure
731 2197 774 2261 sit
807 2198 957 2282 gloriatus
992 2216 1193 2263 marmoream
1217 2215 1249 2261 se
1283 2196 1383 2261 reliu-

310 2321 401 2386 quere
424 2323 515 2386 quam
542 2303 713 2369 latericiam
744 2305 920 2387 accepisset‘
952 2303 1047 2391 (unde
1078 2303 1160 2370 vict.
1191 2321 1237 2384 ep.
1266 2305 1294 2380 l,
1322 2300 1381 2388 19)

309 2409 342 2472 in
366 2407 626 2492 mediemelinquo
640 2407 695 2498 75).
719 2447 763 2455 -
787 2445 830 2456 -

416 2515 463 2578 De
486 2514 604 2579 ratione
626 2531 702 2596 quae
725 2513 758 2577 in
789 2513 926 2598 Augusti
948 2515 1124 2600 principatu
1146 2512 1306 2579 tractando
1330 2513 1382 2578 in-

308 2621 355 2684 ter
379 2619 522 2685 Tacitum
545 2621 577 2684 et
606 2620 737 2686 Dionem
768 2620 939 2687 intercedat
961 2620 1198 2688 Ilroitzheimius
1220 2618 1283 2683 iam
1307 2619 1329 2683 l.
1355 2618 1379 2686 l.

308 2745 338 2808 p.
364 2727 497 2792 27—30
519 2726 637 2810 insigni
659 2727 796 2810 exemplo
819 2746 878 2794 non
902 2728 1009 2816 Tacito
1023 2728 1089 2810 ipso
1111 2721 1299 2811 Dionem⁷⁶)
1323 2725 1381 2790 sed

307 2832 470 2915 utrumque
493 2833 647 2897 communi
680 2835 803 2899 auctore
838 2853 925 2899 usum
949 2852 1014 2898 esse
1048 2833 1220 2898 luculenter
1249 2831 1379 2896 ‹lemon-

307 2939 428 3004 strarit.
453 2957 523 3003 cum
546 2939 645 3022 igitur
674 2941 844 3023 complures
878 2959 983 3006 earum
1006 2959 1109 3004 rerum
1132 2938 1243 3022 quibus
1265 2938 1298 3002 iu
1323 2937 1378 3003 de-

307 3044 476 3110 scribendis
508 3039 549 3108 hi'
576 3043 636 3110 duo
670 3045 848 3110 notabiliter
882 3046 963 3111 inter
997 3066 1029 3112 se
1063 3045 1239 3128 conspirant
1268 3043 1378 3109 eodem

305 3151 395 3231 paeto
418 3149 511 3214 etiam
535 3170 554 3216 a
578 3150 724 3218 Suetonio
746 3153 860 3217 relatas
880 3151 1097 3230 invenerimus,
1120 3151 1276 3234 adipsum
1292 3150 1377 3216 hune

306 3256 461 3321 auctorem
483 3275 587 3323 omnes
619 3257 694 3324 istos
728 3259 824 3322 trium
854 3259 1035 3342 scriptorum
1058 3258 1140 3324 locos
1162 3258 1311 3340 tanquam
1333 3257 1376 3321 ad

413 3484 458 3553 75)
477 3485 568 3540 eodem
587 3487 664 3542 modo
684 3505 735 3558 quo
748 3488 800 3544 Dio
814 3493 842 3543 et
860 3489 1038 3558 probabiliter
1056 3487 1200 3544 secundum
1213 3488 1284 3541 hunc
1302 3485 1375 3543 illud

304 3571 423 3640 Augusti
442 3571 546 3629 dictum
567 3576 684 3646 explicet
702 3576 838 3632 Cedrenue
857 3581 877 3633 t.
894 3581 908 3632 1
928 3595 953 3647 p.
967 3579 1028 3641 301,
1054 3579 1088 3632 15
1108 3595 1147 3647 sq.
1161 3576 1323 3645 συγκαλέσας
1342 3576 1376 3630 δὲ

306 3659 348 3728 [ἐν
365 3661 404 3732 τῷ
428 3661 507 3731 τέλει]
528 3664 589 3722 τοίς
610 3665 751 3732 βουλευτὰς
779 3666 853 3734 (sici)
889 3653 947 3720 εἶπε
974 3666 1106 3734 »πηλίκην
1132 3665 1295 3736 παραλαβών
1320 3665 1374 3733 τὴν

299 3745 403 3818 Ῥώμην
421 3748 529 3818 λοθίνην
547 3750 615 3822 ὑμῖν
628 3750 714 3821 αὐτὴν
726 3755 920 3808 καταλέλοιπα(
939 3756 983 3808 διὰ
997 3757 1027 3809 τὸ
1045 3755 1141 3824 περιὸν
1156 3755 1203 3822 τῆς
1222 3753 1373 3824 δυνάμεως.

411 3837 456 3904 76)
475 3841 550 3893 euius
567 3841 607 3894 rei
626 3841 697 3912 quod
709 3843 837 3898 ultimum
855 3843 900 3899 m.
913 3845 1012 3900 attulit
1024 3846 1222 3914 argumentum,
1241 3859 1295 3898 non
1314 3859 1374 3898 esse

304 3925 360 3978 veri
379 3925 468 3980 simile
488 3927 594 3983 Tacitoi
617 3931 704 4000 operis
722 3932 919 4001 praefationem
937 3950 954 3988 a
972 3933 1059 3988 Dione
1078 3935 1229 4002 excerptam
1248 3948 1313 3998 esse,
1342 3933 1373 3986 in

302 4027 393 4068 omnes
412 4016 459 4085 qni
477 4015 529 4070 hue
546 4019 685 4086 pertinent
703 4020 774 4075 locos
791 4023 894 4091 pariter
912 4021 994 4077 eadit
