3086 5086
566 445 787 508 -17-

144 617 289 684 reducere
312 618 433 684 studuit
457 619 646 706 [Augustus]
670 640 706 688 ao
728 621 795 688 visa
819 621 970 704 quondam
992 641 1046 705 pro
1069 623 1208 689 contione
1299 605 1307 622 ’

142 725 330 808 pullatorum
353 725 445 791 turba
466 725 719 812 indignabundus
742 727 948 794 etclamitans
975 729 1040 808 „En
1054 729 1206 796 Romanos

142 850 246 898 rerum
269 831 406 898 dominos
428 833 613 917 gentemque
635 835 792 919 togatam‘
835 833 944 919 [Verg.
969 835 1045 902 Aen.
1072 836 1100 914 1,
1125 836 1205 922 282]

142 939 300 1024 negotium
323 939 476 1006 aedilibus
499 941 586 1007 dedit
623 961 662 1006 ne
695 961 785 1024 quem
822 942 950 1024 posthac
972 944 1150 1025 paterentur
1172 943 1206 1008 in

142 1047 207 1114 loro
241 1047 400 1113 circove
439 1049 511 1113 nisi
534 1049 641 1132 positis
674 1050 806 1114 lacernis
843 1051 985 1134 togatum
1019 1052 1203 1118 consistere.

142 1153 349 1238 Lydianorum
375 1155 528 1237 postrema
542 1155 736 1238 potissimum
760 1155 854 1241 (sicut
875 1156 1003 1223 adnotat
1018 1157 1149 1222 Rotbius
1171 1158 1205 1222 in

128 1260 189 1326 111.
215 1259 299 1326 Suet.
323 1281 353 1343 p.
377 1260 457 1345 281)
480 1262 600 1342 ultimis
627 1261 763 1328 Suetonii
787 1263 888 1328 verbis
921 1283 981 1328 non
1011 1263 1203 1346 respondent,

143 1385 222 1449 quae
239 1385 286 1432 res
302 1386 336 1432 eo
351 1367 552 1451 probabiliter
567 1369 712 1452 explicari
727 1369 828 1451 potest
843 1370 922 1452 quod
945 1371 999 1435 aut
1021 1369 1086 1454 ipse
1101 1371 1204 1456 Lydus

141 1472 197 1536 aut
219 1472 284 1538 11111
306 1474 413 1539 auctor
448 1493 518 1540 cum
540 1474 756 1558 Tranquillum
779 1475 956 1540 memoriter
973 1547 975 1551 ,
990 1475 1101 1542 citaret
1122 1477 1204 1544 hunc

141 1579 173 1643 in
196 1579 321 1645 modum
343 1581 441 1646 falsus
464 1581 519 1648 est.

249 1688 327 1752 Tum
350 1689 392 1754 ib.
420 1691 449 1772 1,
473 1690 517 1754 34
539 1709 568 1772 p.
595 1691 658 1754 146
689 1689 741 1756 fin.
767 1691 829 1755 147
861 1691 904 1754 in.
936 1691 1058 1754 narrat:
1082 1689 1118 1756 11
1140 1688 1204 1758 τῶν

140 1797 235 1881 ἔργων
258 1801 396 1882 σκρίνιον
419 1792 475 1861 οὐκ
497 1792 534 1862 ὂν
558 1792 619 1862 o'rr‘
651 1793 745 1884 ἀρχῆς
774 1792 988 1878 ὁΑὕγονσνος
1017 1807 1205 1881 προσένειμε

139 1897 182 1988 τῇ
202 1897 284 1989 ἀρχῇ
303 1901 360 1990 τήν
382 1905 418 1967 ἐν
439 1898 482 1990 τῇ
500 1900 596 1990 Ῥώμῃ
617 1900 783 1990 βασιλικήν
801 1898 975 1988 ἇνεγείρων,
997 1899 1037 1976 ὠς
1059 1900 1077 1967 ὁ
1103 1900 1202 1990 Τράγ-

138 2008 253 2082 κυλλος
275 2003 345 2074 εἶπε
367 2005 546 2094 φιλολόγοςε
576 2011 677 2100 locum
709 2009 797 2074 illum
821 2009 958 2075 Suetonii
980 2008 1013 2072 in
1037 2008 1204 2092 deperditis

139 2115 205 2180 eius
228 2117 368 2198 operibus
390 2117 506 2182 lectum
528 2117 624 2182 fuisse
654 2117 780 2182 Fuseius
804 2117 835 2181 et
864 2116 1018 2181 Prellerus
1047 2117 1203 2198 existima

138 2223 223 2301 runt,
254 2223 285 2287 11
315 2223 365 2289 hic
389 2223 512 2307 quidem
536 2243 606 2288 cum
629 2225 667 2288 de
689 2225 824 2288 actorum
857 2222 978 2288 scriniis
1008 2223 1038 2286 11.
1064 2240 1089 2287 e.
1113 2224 1203 2288 tabu-

137 2328 216 2394 lario
239 2330 399 2413 cogitaret,
422 2330 645 2412 praefectorum
661 2329 745 2395 urbis
762 2329 880 2396 seilicet
902 2329 940 2392 cl.
957 2328 1078 2410 Vopise.
1094 2329 1200 2394 Aurel.

139 2435 160 2498 9
184 2455 230 2513 ‚er
253 2435 373 2502 scriniis
401 2438 610 2520 praefecturae
640 2439 796 2516 urbanae,
826 2435 926 2502 locum
957 2433 1141 2501 Suetoniano
1162 2437 1202 2502 li·

138 2541 483 2620 1111,111111111111111111
518 2544 697 2609 officiorum‘
732 2543 904 2626 assignavit
938 2539 992 2628 (de
1024 2543 1201 2626 regionibns

138 2647 176 2712 U.
202 2649 238 2714 R.
262 2649 509 2732 1111118461.
537 2652 600 2716 140
623 2650 655 2714 in
682 2649 813 2735 1111111).
838 2650 888 2714 cui
911 2649 1118 2732 adstipulatur
1140 2649 1201 2715 Ro-

136 2749 222 2820 thius
245 2757 361 2822 addens
384 2759 488 2822 tamen
524 2756 570 2842 (in
594 2758 640 2823 ed.
666 2757 748 2822 Suet.
774 2777 803 2839 p.
828 2757 893 2822 303
924 2757 963 2820 cf.
987 2755 1201 2822 Reifferschei-

137 2860 208 2927 dius
231 2862 314 2928 Suet.
338 2864 393 2928 rel.
417 2885 446 2946 p.
472 2864 552 2952 349)
575 2865 643 2928 fieri
666 2864 760 2929 etiarn
782 2882 868 2946 posse
891 2863 927 2926 ut
949 2862 1200 2928 intricatissimus

137 2965 217 3052 Lydi
239 2970 322 3034 loeus
346 2973 464 3053 spectet
486 2971 526 3036 ed
543 2969 680 3038 Suetonii
694 2971 776 3055 Aug.
801 2971 843 3035 37
866 2990 897 3052 p.
921 2968 973 3046 55,
1000 2971 1042 3034 10
1057 2987 1101 3050 sq.
1125 2970 1200 3034 haec

138 3076 232 3140 verba
254 3077 379 3162 ‚[Aug.]
400 3059 481 3142 'nova
506 3079 607 3144 officia
630 3077 832 3162 excogitavit:
866 3094 972 3141 euram
996 3093 1121 3157 operum
1144 3089 1200 3158 pu·

137 3182 286 3248 blicorum
310 3184 364 3266 [de
387 3203 446 3268 qua
468 3186 647 3250 Mommsen.
672 3186 693 3252 1.
718 3187 740 3249 1.
766 3187 796 3263 2,
821 3185 885 3249 967
902 3184 993 3265 sqq.]‘
1019 3183 1094 3259 etc.;
1117 3183 1198 3248 basi·

136 3287 230 3354 licam
258 3291 363 3355 autem
393 3294 449 3357 sub
480 3291 513 3357 O.
539 3299 570 3357 et
592 3293 627 3357 L.
659 3291 822 3358 Caesarum
851 3288 973 3354 nomine
996 3288 1034 3352 ab
1057 3288 1199 3373 Augusto

136 3397 291 3462 conditam
313 3417 379 3464 esse
401 3399 483 3464 idem
506 3399 667 3466 Suetonius
691 3400 734 3464 ib.
759 3399 801 3463 29
825 3397 867 3464 in.
890 3395 994 3458 refert.

243 3505 322 3570 Tum
344 3507 385 3574 ib.
410 3507 441 3586 2,
476 3507 559 3573 3in.
581 3503 782 3590 Ὀκταβιανός
811 3507 848 3569 δὲ
875 3501 977 3585 inquit
1009 3497 1079 3586 μετ’
1101 3498 1199 3568 αὐτὸν

136 3608 300 3694 [intellege
322 3616 485 3698 Καίσαρα]
502 3595 693 3698 bretoneria
714 3615 750 3690 ἐξ
763 3609 859 3686 Ἀτίας
873 3605 1015 3693 τοῦνομα
1029 3604 1083 3695 τῆς
1105 3605 1197 3675 11111-

135 3711 198 3804 φῆς
232 3713 319 3802 αὐτῷ
349 3717 512 3804 γενόμενος
544 3723 597 3786 καὶ
630 3718 726 3795 θετὸς
759 3725 846 3797 παῖς,
881 3713 1107 3800 διαδεξάμενος
1140 3715 1198 3804 τήν

135 3817 355 3912 αὐτοκράτορα
387 3825 480 3915 τιμήν
513 3826 590 3901 θεὸς
622 3834 683 3910 μὲν
716 3823 819 3914 δῆθεν
860 3817 994 3907 εὐσεβῶς
1026 3821 1198 3910 μετριάζων

135 3925 356 4012 ὀνομάζεσθαι
377 3939 559 4021 magnesiae,
591 3939 680 4008 θεῖος
701 3936 738 3998 δὲ
759 3929 886 4018 μᾶλλον
910 3923 1091 4016 (καὶτοῦτο
1114 3927 1197 3996 πᾶσι

133 4042 198 4111 τοῖς
218 4033 287 4120 μετ’
310 4036 409 4106 αὐτόν
430 4037 467 4104 τό
483 4036 607 4124 ἀξίωμα
622 4037 816 4128 περιετέθη).
841 4037 962 4108 constat
980 4033 1088 4100 Atiam
1105 4035 1198 4102 Octa·

135 4141 219 4208 viani
242 4146 373 4210 matrem
403 4164 463 4212 non
487 4165 618 4212 sororem
642 4146 722 4213 Julii
744 4145 883 4214 Caesaris
905 4145 1001 4230 fuisse
1025 4141 1077 4206 sed
1099 4143 1197 4212 tiliam

550 4252 551 4256 ’
1016 4249 1037 4313 2
