3086 5086
769 419 988 482 ..26-

356 592 433 675 pede
462 592 586 660 Orosius
608 595 640 673 6,
665 595 709 660 20
730 614 761 684 p,
784 595 851 658 442
873 593 1010 678 sequitur
1025 593 1089 658 sola
1104 592 1167 656 diei
1181 591 1255 657 hora
1270 610 1306 657 ex
1328 590 1407 656 livio

353 700 389 764 ut
421 700 543 766 videtur
577 700 779 784 Obsequentis
812 701 934 766 auctore
963 698 1083 782 addita)
1107 699 1190 782 nug.
1226 697 1268 763 95
1303 697 1408 762 inita

354 806 432 890 ,post
461 825 566 873 necem
601 804 740 873 Caesaris
773 825 893 874 reverso
916 807 955 873 ab
978 805 1143 888 Apollonia
1166 806 1197 868 et
1219 801 1408 888 ingrediente

353 931 387 978 eo
410 913 516 978 urbem
546 914 670 996 repente
700 913 817 998 liquido
839 932 875 978 ae
905 931 981 995 puro
1003 931 1109 978 sereno
1131 911 1264 977 eireulus
1286 909 1327 976 ad
1350 929 1410 992 spe·

353 1019 431 1084 eiern
454 1019 594 1084 caelestis
627 1039 715 1086 arens
749 1020 853 1085 orbem
886 1019 959 1084 solis
991 1017 1113 1084 ambiit’
1148 1019 1179 1083 et
1200 1037 1219 1083 a
1242 1017 1362 1084 Velleio
1383 1017 1411 1080 et

354 1125 476 1203 Seneca,
501 1143 627 1208 quorum
649 1125 703 1190 ille
727 1126 757 1205 2,
782 1126 835 1204 59,
860 1126 880 1190 6
902 1124 959 1191 hoe
981 1125 1076 1190 refert
1100 1125 1160 1204 ,oui
1183 1125 1240 1207 [se.
1266 1123 1299 1192 C.
1324 1123 1409 1189 Oeta·

353 1231 417 1315 vio]
441 1231 622 1296 adventanti
656 1231 786 1296 Romam
820 1231 964 1298 immanis
998 1229 1164 1296 amicorum
1198 1231 1332 1297 oeeurrit
1354 1231 1411 1296 fre·

354 1337 489 1420 quentia,
524 1339 555 1402 et
589 1356 658 1403 eum
693 1337 824 1403 intraret
846 1339 964 1417 urbem,
1000 1337 1072 1404 solis
1095 1336 1177 1403 orbis
1211 1356 1302 1419 snper
1326 1337 1413 1419 eaput

357 1442 422 1506 eius
456 1444 600 1510 eurvatus
634 1443 802 1526 aequaliter
835 1444 1076 1526 retardatusque
1108 1443 1142 1508 in
1164 1443 1295 1509 colorem
1330 1461 1413 1510 arens

355 1548 409 1629 [in
433 1549 651 1614 caelestem
673 1568 806 1615 areum
829 1549 906 1615 eoni.
930 1548 1065 1634 Georges
1088 1551 1120 1614 in
1142 1550 1255 1616 Philol.
1280 1550 1413 1633 33,334]

354 1655 440 1720 uelut
463 1675 603 1722 eoronam
636 1657 718 1722 tanti
752 1675 820 1722 mox
843 1655 903 1722 uiri
937 1657 1030 1739 eapiti
1058 1657 1216 1740 imponens
1239 1657 1414 1740 eonspeotus

354 1764 421 1842 est‘,
444 1762 496 1828 bie
518 1765 581 1828 nat.
607 1766 722 1842 quaest.
749 1767 778 1842 1,
802 1765 832 1842 2,
859 1769 875 1829 1
909 1764 1082 1837 ,memoriae
1111 1763 1267 1846 proditum
1290 1763 1348 1828 est‘
1370 1763 1415 1826 in·

355 1869 421 1951 quit
445 1889 512 1952 ,quo
536 1871 585 1934 die
608 1871 705 1936 Divus
729 1871 888 1955 Augustus
911 1871 1018 1936 urbem
1040 1890 1076 1935 ex
1091 1869 1256 1953 Apellonia
1278 1888 1414 1936 reversus

354 1976 484 2040 intravit
518 1977 598 2041 eirea
632 1977 728 2042 solem
761 1978 860 2042 visum
895 1977 1005 2042 eoloris
1038 1976 1117 2042 uarii
1145 1977 1295 2043 eireulum
1319 1977 1415 2060 qualis

355 2100 419 2146 esse
443 2083 476 2146 in
499 2101 571 2146 areu
595 2083 689 2148 solet:
724 2084 805 2148 huno
829 2083 939 2150 Craeei
972 2083 1043 2148 halo
1076 2085 1196 2161 uocant,
1231 2102 1286 2149 nos
1317 2083 1416 2149 dieere

357 2207 498 2256 eoronam
521 2189 679 2272 aptissime
708 2191 888 2274 possimus‘3
920 2191 959 2256 ef.
984 2191 1077 2255 etiam
1107 2189 1167 2254 Dio
1189 2190 1244 2269 45,
1267 2191 1289 2254 4
1311 2190 1365 2253 fin.
1389 2188 1417 2254 et

356 2295 422 2361 biv.
446 2316 509 2379 per.
537 2299 599 2363 117
624 2315 700 2362 vers.
725 2298 767 2364 in.

461 2404 618 2467 Postremo
641 2403 682 2468 ib.
707 2423 732 2468 ο.
758 2403 800 2468 25
823 2423 852 2486 p.
878 2404 953 2482 304,
980 2407 995 2467 1
1015 2423 1079 2486 sqq.
1097 2403 1144 2468 ed.
1162 2404 1259 2470 Bonn.
1284 2402 1341 2489 (=
1365 2401 1417 2479 54,

356 2510 375 2574 6
400 2529 464 2591 sqq.
489 2509 536 2574 ed.
560 2509 627 2595 W.)
651 2509 730 2592 quod
752 2509 884 2593 legitur:
907 2510 983 2596 μηνὶ
1004 2504 1180 2598 Αὐγούστῳ.
1203 2512 1362 2585 Σεξτίλιος
1383 2505 1417 2574 τὸ

355 2611 458 2681 πάλαι
482 2666 490 2680 .
516 2666 523 2680 .
548 2606 638 2691 οὗτος
661 2611 770 2704 ὅμήν·
794 2613 969 2700 Αὔγουστος
984 2618 1020 2681 δὲ
1044 2667 1052 2682 .
1078 2667 1084 2682 .
1110 2616 1188 2701 repes
1210 2613 1343 2704 μνήμης
1360 2612 1418 2684 Αὐ-

324 2726 329 2738 ’
354 2718 486 2804 γούοτου
508 2729 667 2810 Καίσαρος
700 2719 889 2810 μετεκλήθη,
912 2719 952 2797 οἷς
981 2719 1144 2810 ἡὶστορία
1176 2725 1255 2806 λέγει
1288 2725 1330 2789 ad
1354 2741 1418 2788 rem

356 2829 547 2896 notissimam
570 2832 687 2912 spectat
710 2828 747 2893 de
771 2849 829 2912 qua
852 2830 892 2897 oi.
926 2829 986 2894 Dio
1020 2829 1119 2908 55,6
1152 2829 1204 2894 fin.
1230 2830 1312 2897 Suet.
1337 2831 1418 2914 Aug.

359 2937 400 3000 31
425 2956 455 3018 p.
478 2937 532 3016 52,
559 2938 599 3001 16
623 2957 686 3019 sqq.
717 2937 748 3000 et
777 2937 816 3000 fr.
849 2937 912 3002 118
937 2936 979 3020 (p.
1007 2937 1080 3016 164,
1105 2937 1125 3002 5
1149 2937 1227 3020 sqq.)
1257 2937 1304 3001 ed.
1329 2936 1418 3002 Reiff.

356 3043 388 3106 et
411 3060 484 3122 quos
507 3041 774 3108 Reifferscheidius
797 3042 837 3106 ad
859 3043 889 3109 b.
914 3043 936 3110 l.
966 3043 1074 3108 attulit
1096 3042 1156 3108 1οοὶ
1178 3043 1289 3109 Isidori
1311 3043 1420 3129 Angu-

357 3147 433 3212 stini
457 3149 555 3214 Servii
580 3147 737 3214 Censorini
770 3149 921 3215 Macrobii
955 3149 1064 3235 (etiam
1094 3169 1199 3216 uersus
1222 3149 1337 3215 anthol.
1364 3152 1419 3216 lat.

356 3255 397 3319 ib.
421 3275 450 3338 p.
476 3256 540 3321 299
573 3257 673 3336 118b,
698 3256 743 3341 8),
767 3255 834 3322 niv.
857 3275 921 3340 per.
947 3259 1011 3322 134
1039 3255 1202 3341 (Eusebius
1225 3257 1244 3322 i.
1268 3277 1296 3322 a.
1322 3257 1419 3336 1989,

325 3419 330 3436 ,
357 3381 391 3426 ex
415 3371 473 3446 quo
496 3363 597 3428 ebron.
632 3363 741 3429 Paseh.
779 3367 795 3429 1
831 3384 860 3447 p.
897 3364 973 3442 363,
1010 3362 1097 3444 bsq.
1132 3361 1264 3446 Syneell.
1287 3383 1318 3446 p.
1342 3363 1419 3444 589,

359 3470 400 3533 13
424 3487 467 3551 sq.
502 3469 598 3548 Hier,
633 3470 785 3537 Melet?
821 3489 851 3552 p.
878 3471 951 3548 187,
981 3470 1024 3534 20
1047 3467 1173 3533 Cedren.
1197 3469 1220 3536 t.
1248 3470 1419 3552 1p.294‚

361 3578 412 3641 10.
436 3577 512 3655 300,
537 3578 588 3643 24.
614 3578 689 3655 301,
722 3574 789 3663 19).
1203 3644 1206 3651 ,

465 3683 494 3750 2.
517 3684 736 3768 Eutropius
770 3683 908 3766 tempora
948 3681 1060 3748 aetatis
1083 3681 1244 3768 Augustae
1274 3682 1422 3748 breviarii

357 3789 404 3854 sui
428 3788 501 3854 libri
524 3791 647 3873 septimi
670 3790 822 3874 capitibus
837 3789 943 3856 deeem
958 3791 1110 3872 prioribus
1133 3789 1317 3888 pertractat„
1327 3789 1421 3872 primi

357 3897 460 3961 antem
483 3895 592 3979 eapitis
615 3896 705 3963 initio
718 3896 761 3984 ²⁰)
785 3896 909 3964 eaedem
944 3895 1083 3963 Caesaris
1118 3896 1235 3962 eonfert
1269 3895 1302 3959 in
1336 3913 1365 3962 a.
1390 3915 1420 3964 u.

463 4077 508 4147 90)
526 4075 574 4130 nbi
586 4074 651 4130 haee
664 4072 773 4130 exhibet
792 4091 870 4140 ,enno
882 4073 957 4129 urbis
975 4073 1217 4143 septingentesimo
1236 4073 1291 4128 iere
1307 4087 1338 4127 ae
1349 4087 1420 4128 nono

356 4164 500 4221 interiecto
517 4164 647 4222 Cesserat
