3086 5086
758 451 975 516 ..44-

337 645 402 694 esee
424 627 578 710 putandus
601 629 648 694 est
671 627 732 692 vid.
758 626 1008 694 Gardthausenus
1030 629 1063 692 in
1078 627 1268 694 Fleckeiseni
1291 627 1394 694 annal.

338 732 397 800 rol.
420 731 518 817 suppl.
543 735 615 817 61.
640 734 817 800 512-534
851 735 882 800 11
903 734 1047 800 Jacobius
1076 734 1114 800 dc
1138 734 1222 800 Festi
1251 733 1396 802 breviarii

338 838 473 906 lontibus
495 840 593 907 Bonn.
620 841 705 906 1874
727 861 756 923 p.
781 841 922 907 26-37.

444 947 661 1012 Narrationem
696 947 732 1012 de
755 946 894 1012 Ventidii
927 947 1008 1014 bello
1032 947 1175 1013 Parthico
1211 966 1274 1030 cap.
1303 949 1342 1014 18
1365 967 1396 1032 p.

340 1053 392 1132 16,
419 1053 714 1138 1124111111.
739 1073 803 1136 per.
830 1054 902 1118 127.
930 1054 1003 1132 128,
1037 1055 1193 1138 praeterea
1216 1053 1341 1136 Futrop.
1366 1055 1397 1133 7,

339 1158 361 1224 5
395 1179 425 1242 p.
449 1160 502 1236 45,
537 1161 669 1224 31-35
703 1163 734 1224 11
767 1179 858 1242 supra
892 1179 921 1242 p.
946 1160 986 1225 31
1018 1179 1088 1226 cum
1121 1160 1192 1226 adn.
1228 1158 1286 1248 26)
1298 1159 1343 1247 ⁴⁸)
1366 1161 1398 1226 11

341 1264 450 1330 itidem
485 1266 718 1348 subsequentem
753 1265 860 1353 (usque
894 1267 933 1332 ad
956 1267 1065 1350 capitis
1087 1265 1194 1352 finem)
1218 1263 1306 1331 'belli
1328 1287 1399 1332 cum

341 1371 455 1437 eisdem
479 1372 602 1437 Parthis
625 1373 664 1438 ab
680 1373 812 1438 Antonio
835 1373 917 1458 gesti
940 1373 1174 1456 descriptionem
1189 1370 1234 1458 49)
1258 1370 1312 1456 (ci.
1330 1373 1399 1438 hir.

339 1497 403 1560 per.
431 1476 559 1564 130⁵⁰)‚
582 1498 669 1562 porro
692 1480 778 1544 llutr.
804 1482 833 1559 7,
858 1481 952 1548 6111.
978 1480 1058 1546 Flor.
1083 1480 1113 1560 2,
1139 1477 1195 1565 20)
1220 1499 1255 1544 11
1267 1479 1401 1564 epitoma

339 1583 445 1666 aliqua
479 1584 601 1650 ehivii
634 1586 797 1650 annalibus
832 1587 914 1651 facta
936 1605 1075 1652 manasse
1097 1585 1242 1652 Jacobius
1277 1585 1297 1649 l.
1322 1585 1344 1652 l.
1366 1604 1398 1668 p.

338 1690 384 1754 43
408 1709 471 1773 sqq.
496 1691 573 1755 mihi
596 1693 744 1776 probauit.

288 1840 290 1849 -
373 1839 381 1854 =
446 1797 518 1881 Cap.
546 1801 585 1864 19
608 1821 638 1883 p.
665 1802 715 1880 17,
741 1798 907 1886 6-1551)
931 1800 1020 1866 Floro
1044 1799 1074 1878 2,
1099 1799 1144 1864 32
1167 1798 1271 1864 deberi
1294 1817 1401 1881 persu-

338 1921 427 1968 asum
451 1905 547 1971 habeo
560 1905 614 1993 52).
650 1907 720 1972 finis
743 1909 833 1973 huius
868 1907 977 1990 capitis
1000 1925 1104 1972 rursus
1135 1924 1170 1970 er
1193 1906 1325 1988 epitoma
1348 1905 1403 1969 Li·

447 2151 493 2220 48)
512 2167 528 2205 a
547 2151 628 2206 Festo
647 2169 671 2208 1.
685 2155 788 2208 19-21
800 2152 899 2222 pendet
918 2153 1043 2207 Jordanis
1062 2168 1083 2206 1.
1103 2152 1136 2206 61
1155 2151 1213 2221 (111
1232 2153 1323 2205 tamen
1344 2150 1405 2215 ,sub

341 2241 454 2309 utroque
473 2240 547 2295 duce‘
565 2241 649 2297 habet
667 2259 714 2312 pro
733 2242 809 2298 Festi
829 2241 948 2307 ‚ducente
970 2241 1117 2310 Labieno‘).

448 2330 494 2399 49)
513 2331 575 2385 hine
593 2330 746 2401 decerptam
764 2349 780 2385 a
797 2331 914 2386 Jordane
932 2347 954 2384 c.
973 2333 1015 2385 61.

449 2437 494 2506 50)
513 2437 572 2491 Lis.
600 2454 654 2506 per.
682 2439 734 2493 130
761 2439 845 2492 etiam
873 2438 902 2490 in
929 2453 958 2500 eo
986 2453 1044 2490 cum
1073 2434 1154 2490 Festo
1182 2437 1307 2490 convenit
1332 2436 1408 2506 qnod

342 2526 455 2593 uterque
484 2525 631 2579 Antonium
658 2525 740 2580 duas
767 2526 888 2580 amisisse
916 2526 1036 2594 legiones
1063 2525 1146 2580 refert
1153 2547 1161 2591 ;
1188 2525 1282 2580 Florus
1310 2528 1408 2580 contra

342 2611 454 2681 praebet·
466 2612 575 2682 quidem
593 2615 658 2669 haec
671 2617 695 2680 2,
715 2617 758 2681 20,
771 2617 788 2670 3
807 2616 903 2683 ‚missis
916 2615 1034 2685 undique
1046 2615 1158 2683 sagittis
1177 2613 1263 2668 duas
1281 2615 1408 2682 legiones

342 2707 522 2770 operuerunt‘,
541 2705 566 2773 g.
585 2707 801 2771 10111111-,111
820 2706 903 2760 tertia
915 2709 1001 2774 parte‘
1021 2705 1111 2773 inquit
1130 2703 1171 2768 ,de
1187 2702 1301 2758 sedecim
1319 2703 1409 2772 legio-

343 2789 423 2844 nibus
441 2791 554 2862 reliqua‘
574 2795 694 2864 (quocum
724 2796 842 2850 concinit
869 2798 939 2850 auct.
959 2794 991 2849 de
1020 2793 1069 2848 vir.
1099 2792 1139 2846 ill.
1159 2792 1238 2856 85,4
1267 2821 1300 2832 -
1328 2792 1408 2845 cuius

343 2880 425 2934 rerba
444 2880 552 2946 ‚bellum
565 2883 676 2939 Parthis
694 2885 801 2939 intulit‘
820 2883 913 2939 eadem
931 2886 994 2938 sunt
1013 2899 1043 2936 11
1061 2881 1138 2936 Festi
1150 2899 1175 2951 p.
1190 2882 1232 2944 16,
1251 2881 1286 2936 25
1304 2883 1332 2934 61
1345 2880 1408 2934 Lir.
1522 2933 1523 2966 ἦ

344 2969 478 3040 pcr.130{;
497 2971 609 3026 eundem
628 2973 764 3042 legionum
783 2989 921 3028 nnmerum
949 2972 1005 3042 (16)
1030 2971 1138 3028 exhibet
1156 2971 1281 3025 Jusiinns
1307 2970 1351 3028 42.
1379 2969 1409 3034 5,

344 3058 369 3111 3.
389 3059 531 3113 secundum
559 3059 692 3115 Velleium
711 3061 742 3116 de
761 3061 889 3116 tredecim
916 3061 1069 3130 legionibus
1095 3063 1192 3131 quarta
1218 3075 1279 3128 pars
1306 3058 1412 3112 amissa
1522 3067 1523 3116 l

344 3148 387 3199 Osi
411 3145 447 3214 (2,
479 3149 521 3214 82,
549 3151 638 3221 1-3),
666 3167 716 3206 sec.
742 3150 915 3206 Plutarchum
944 3150 1019 3219 (Ant.
1050 3151 1093 3215 50,
1126 3164 1204 3219 quem
1231 3163 1311 3202 11111.
1337 3145 1412 3215 App.

344 3251 412 3304 pers.
430 3235 523 3293 Parth.
543 3255 567 3308 p.
588 3241 631 3304 99,
656 3241 701 3306 14)
720 3239 841 3310 peditum
868 3241 979 3309 viginti,
1007 3240 1128 3310 equitum
1156 3239 1285 3308 quattuor
1312 3236 1411 3300 milia;

344 3340 425 3393 quem
443 3325 515 3380 idem
536 3327 609 3383 Plut.
629 3329 665 3384 ib.
684 3331 719 3385 37
739 3329 843 3398 (Parth.
861 3347 888 3399 p.
908 3331 950 3394 76,
970 3332 1003 3385 12
1022 3331 1073 3400 11.)
1092 3327 1213 3398 peditum
1225 3325 1412 3380 Romanorum

346 3443 380 3453 -
398 3418 515 3486 exceptis
533 3419 611 3473 sociis
635 3450 668 3460 -
690 3436 829 3474 numerum
857 3419 966 3474 exhibet
993 3419 1135 3486 sexaginta
1152 3416 1239 3480 milia,
1266 3430 1326 3469 eum
1345 3417 1413 3468 tum

343 3506 472 3575 temporis
491 3506 606 3562 sedecim
627 3509 733 3563 circiter
751 3508 871 3577 legiones
889 3507 1035 3576 explevisse
1056 3504 1254 3560 Freinshemius
1273 3502 1307 3556 ad
1333 3501 1412 3558 Flor.

345 3597 371 3660 2,
390 3597 432 3660 20,
452 3599 486 3652 10
504 3596 625 3652 adnotat

453 3702 498 3770 51)
517 3704 591 3758 11111
609 3704 720 3758 initium
739 3708 780 3758 est
799 3703 858 3757 lons
876 3701 1002 3757 Jordanis
1020 3717 1042 3758 c.
1061 3704 1104 3757 61.

452 3811 498 3880 52)
517 3809 643 3866 Jacobius
661 3810 737 3866 Festi
756 3811 847 3882 capita
866 3811 971 3865 15-19
986 3809 1182 3864 demonstrasse
1200 3807 1254 3862 sibi
1273 3808 1346 3862 visus
1365 3811 1417 3862 est

345 3915 379 3955 ex
397 3899 515 3970 epitoma
528 3899 644 3956 Liviana
662 3917 730 3970 qnae
748 3901 833 3956 etiarn
851 3901 936 3971 ipsius
953 3900 1027 3955 Flori
1045 3899 1106 3954 fons
1119 3899 1215 3954 fuisset
1233 3898 1331 3952 hausta
1349 3912 1417 3952 esse

345 3988 414 4058 (1.1.
434 4007 459 4059 p.
478 3990 604 4060 3845).
623 3994 652 4046 et
669 3994 741 4045 recte
760 3989 867 4060 quidem
885 4007 927 4045 me
947 4005 1051 4060 quoque
1069 3987 1158 4043 iudice
1177 3987 1277 4041 statuit
1296 3985 1418 4040 Festum

347 4078 404 4134 illis
422 4078 556 4150 capitibus
574 4096 659 4151 neque
677 4079 837 4149 Eutropium
864 4097 949 4151 neque
971 4077 1126 4134 coniunctos
1144 4075 1221 4130 Eutr.
1251 4078 1280 4129 et
1298 4071 1420 4128 Florum

346 4171 505 4236 expressisse
512 4191 519 4234 ς
538 4168 585 4224 sed
597 4172 689 4225 tamen
702 4187 753 4242 qno
771 4170 860 4224 minus
872 4185 932 4224 eam
950 4165 1068 4223 eiusdem
1081 4165 1228 4236 amplectar
1242 4164 1421 4220 sententiam
