3086 5086
754 478 954 542 ..6-

318 653 399 738 quod
422 651 495 719 dein
518 653 673 736 sequitur:
697 654 751 718 nai
783 649 922 740 τοσαάιη
943 677 989 728 τις
1022 647 1112 740 αὐτῷ
1142 653 1269 739 φροντὶς
1302 642 1385 719 οὖσα

316 761 389 848 περὶ
422 755 531 843 λόγους
564 755 735 842 ἐτύγχανεν
776 756 816 834 ως
849 755 1000 847 ἄρχοντος
1033 753 1230 824 ἀπαιδεύτου
1263 755 1384 847 γράψαι

319 863 398 952 πρός
428 861 527 931 αὐτὸν
561 867 720 952 δημοσίαν
753 861 971 952 τολμήσαντος
992 862 1165 952 ἐπιστολφι
1188 860 1284 939 οὕτως
1307 861 1385 948 άγα-
1503 865 1504 868 ’

317 1078 509 1144 Antiocheno
542 1079 580 1146 fr.
608 1079 648 1144 78
684 1078 760 1161 §.4
793 1079 846 1145 fin.
882 1078 929 1166 (in
952 1079 1096 1146 Muelleri
1129 1079 1242 1163 fragm.
1276 1077 1385 1144 histor.

318 1185 426 1254 Graec.
448 1187 471 1250 4
493 1205 523 1268 p.
548 1185 646 1270 569):
679 1187 752 1270 περὶ
786 1188 823 1251 δὲ
845 1179 1066 1274 όρθογραφίαν
1089 1182 1282 1252 ἐσπουδάκει
1304 1181 1385 1251 ὥστε

318 1292 372 1356 καὶ
393 1287 545 1374 διάδοχόν
578 1315 640 1358 τινι
661 1287 726 1357 τοῖν
749 1288 910 1377 ἀρχόντων
932 1296 1090 1378 ἔπεμψεν,
1125 1287 1174 1356 ὅτι
1208 1287 1296 1379 αότηῖ
1315 1294 1384 1358 ε’πι-

318 1399 458 1464 στέλλων
485 1393 540 1486 τῆς
562 1393 666 1484 ὀρθῶς
687 1394 817 1485 ἐχούσης
839 1395 965 1485 ἐσφάλη
986 1393 1116 1485 γραφῆς.
1156 1398 1269 1480 optime
1303 1395 1386 1463 certe

317 1504 374 1570 hoo
397 1522 416 1569 a
438 1504 556 1570 duobus
578 1504 628 1569 his
660 1503 794 1570 relatum
818 1504 959 1570 eonvenit
989 1523 1060 1570 oum
1083 1503 1127 1570 eis
1150 1521 1229 1586 quae
1250 1503 1388 1588 legimus

317 1610 399 1693 apud
422 1610 601 1677 Suetonium
624 1611 666 1676 ib.
684 1612 727 1677 84
749 1611 792 1675 in.
819 1611 1032 1693 ‚eloquentiam
1058 1611 1219 1695 studisque
1241 1610 1387 1676 liberalia

319 1718 359 1782 ab
383 1718 486 1783 aetate
508 1717 609 1800 prima
632 1718 663 1782 et
678 1717 788 1800 eupide
804 1718 836 1783 et
858 1715 1095 1783 laboriosissime
1119 1717 1261 1784 exercuit.
1289 1715 1386 1781 Muti·

233 1902 241 1912 ,
317 1824 405 1892 nensi
428 1823 510 1890 bello
534 1825 628 1906 [hunc
657 1843 722 1889 rem
747 1823 909 1890 Suetonius
933 1841 967 1889 ox
992 1823 1185 1906 ‚quibusdem
1209 1822 1384 1901 historiois‘‚

318 1931 400 1996 inter
424 1947 498 2012 quos
521 1929 651 1995 fortasse
674 1931 742 1995 erat
765 1929 924 1996 Cornelius
939 1931 1041 2013 Nepos
1064 1969 1106 1980 —
1130 1931 1169 1996 of.
1195 1930 1278 1996 Suet.
1302 1930 1385 2013 Aug.

319 2035 361 2100 77
385 2035 427 2104 in.
450 2073 494 2082 —
516 2036 653 2102 hausisse
677 2055 709 2100 se
732 2035 778 2100 eit
800 2036 878 2103 rhet.
906 2038 921 2100 1
946 2056 976 2118 p.
1002 2037 1077 2114 268,
1103 2037 1144 2101 27
1169 2036 1215 2100 ed.
1239 2035 1386 2100 Rota:

317 2160 347 2224 p.
375 2142 494 2219 121,4
530 2141 577 2205 ed.
602 2141 707 2226 Belli]
731 2139 764 2204 in
785 2141 876 2206 tanta
897 2141 977 2206 mole
1011 2159 1112 2206 rerum
1147 2141 1179 2206 et
1212 2140 1324 2224 legisse
1354 2141 1388 2204 et

319 2246 478 2329 seripsisse
501 2247 533 2312 et
556 2247 745 2312 declamasse
768 2247 879 2312 cotidie
902 2247 1047 2313 traditur‘
1072 2244 1167 2333 (unde
1183 2246 1387 2329 provenerunt

321 2369 399 2435 quae
433 2354 528 2418 habet
561 2353 696 2417 Victoris
732 2352 914 2434 epitomator
937 2372 965 2435 q.
999 2375 1028 2419 v.
1055 2355 1150 2430 1,17
1186 2353 1239 2439 qui
1269 2354 1385 2433 tamon,

318 2458 398 2541 quod
415 2457 578 2524 Suetonius
593 2457 763 2524 Mutinensi
786 2459 868 2525 bello
890 2460 1001 2526 feoisso
1024 2460 1201 2544 Augustum
1224 2460 1328 2540 refert,
1353 2461 1388 2525 id

319 2565 352 2628 in
375 2564 551 2630 universum
582 2564 621 2628 de
644 2565 795 2630 bellorum
817 2565 1007 2649 temporibus
1030 2565 1121 2654 dioit)
1157 2569 1188 2632 et
1212 2568 1253 2634 89
1277 2587 1307 2650 p.
1333 2568 1401 2646 77,·

320 2671 363 2735 30
386 2687 450 2751 sqq.
486 2668 621 2753 ,ingenia
656 2670 771 2735 saeouli
794 2670 841 2735 sui
865 2672 1005 2738 omnibus
1028 2672 1127 2738 modis
1151 2673 1228 2738 fovit
1250 2673 1320 2738 etc}
1344 2709 1386 2721 —

319 2776 388 2840 tum
411 2775 515 2859 Lydus
544 2794 675 2860 pergens
707 2779 761 2840 καὶ
783 2785 898 2863 με’τρον
932 2779 969 2842 δὲ
1002 2777 1104 2860 inquit
1136 2780 1190 2842 καὶ
1222 2774 1297 2864 ὅρον
1319 2783 1388 2853 ταῖς

318 2907 353 2947 τε
382 2877 523 2964 εὐωχίαις
544 2885 598 2946 καὶ
620 2887 689 2957 ταῖς
710 2885 834 2968 προιξὶν
857 2886 955 2969 ἔθηκε
977 2877 1100 2969 πρῶτος
1132 2885 1187 2948 ἐπὶ
1208 2878 1251 2970 τῇ
1271 2879 1392 2950 ἑαυτοῦ

318 2991 455 3075 θυγατρὶ
488 2982 583 3053 τοῦτο
617 2983 767 3074 ποιήσαςε
804 2987 844 3053 ud
879 2988 985 3070 quales
1008 3006 1056 3056 ros
1089 2988 1226 3069 speetare
1249 2990 1387 3071 putanda

319 3096 392 3160 sunt
425 3095 519 3160 uerba
553 3093 738 3160 Suetoniana
772 3094 855 3178 Aug.
879 3095 923 3158 34
946 3094 988 3157 in.
1024 3094 1119 3177 ‚leges
1153 3093 1333 3161 retractavit
1355 3097 1388 3162 et

320 3201 468 3284 quasdam
503 3219 538 3266 ex
572 3201 693 3286 integro
728 3201 846 3280 sanxit,
882 3202 918 3265 ut
952 3201 1203 3283 sumptuariam‘3
1249 3204 1288 3268 ef.
1327 3203 1388 3269 Dio

319 3308 381 3388 54,
420 3310 458 3388 2,
498 3308 808 3389 sueinusaact,
836 3309 877 3373 14
915 3306 969 3392 (el.
1005 3311 1034 3388 ξ.
1072 3308 1136 3391 15).
1160 3345 1205 3356 -
1231 3309 1311 3389 quod
1334 3308 1388 3373 de·

318 3414 409 3498 nique
443 3415 477 3479 in
511 3415 650 3481 eiusdem
684 3434 751 3498 cap.
788 3415 848 3480 fine
883 3414 987 3498 Lydus
1021 3413 1135 3478 trudit:
1188 3408 1243 3500 τῆς
1265 3415 1302 3478 δὲ
1323 3409 1388 3481 τῶν

319 3517 467 3608 ὑπηκόων
508 3523 693 3609 ἐλευθερίας
721 3517 875 3587 τοσοῦτον
906 3515 1085 3605 ἐφρόντιζεν
1118 3515 1200 3586 ὥστε
1220 3519 1303 3598 τινός
1324 3516 1388 3588 τῶν

319 3623 463 3694 κολάκων
496 3630 551 3694 ἐπὶ
589 3623 644 3716 τῆς
665 3623 781 3714 βουλῆς
803 3621 963 3713 δεσπότην
986 3622 1084 3692 αὐτόν
1106 3621 1214 3714 ὥσπερ
1235 3631 1270 3695 ἐν
1292 3626 1388 3716 ὑπερ·
1525 3623 1527 3642 ³

320 3727 393 3820 οχῆς
429 3730 537 3822 τρόπφ
576 3736 772 3809 καλέσαντος
813 3729 907 3806 αὐτὸς
939 3731 1119 3811 ἐξαναστάς
1146 3733 1220 3816 ,ἐγώ
1247 3737 1300 3800 δὲ“
1326 3737 1388 3820 ἔφη

324 3841 521 3928 ἰἐλευθέροις
544 3837 616 3908 ἄλλ’
641 3837 679 3908 οὗ
702 3836 827 3915 δοόλοις
864 3844 994 3924 ἔμαθον
1031 3843 1270 3923 διαλίγεσθαδ,
1304 3838 1388 3902 idem

320 3947 427 4013 namot
461 3967 544 4032 mag.
583 3949 612 4030 1,
648 3950 668 4014 6
702 3968 732 4031 p.
770 3949 844 4028 126,
875 3949 897 4013 4
932 3949 979 4015 ed.
1014 3949 1111 4012 Bonn.
1146 3945 1230 4008 hisee
1268 3942 1386 4009 uerbis:

321 4049 497 4137 Λάγουστός
522 4080 613 4138 ποτε,
635 4051 655 4144 ἢ
676 4051 781 4138 τάχα
804 4061 994 4142 Τιβέριος
1016 4051 1129 4136 ὁμετ’
1155 4045 1287 4132 αὐτόν,
1310 4046 1394 4137 πρὸς·
1525 4101 1527 4120 ι

319 4157 391 4234 ἑνδς
411 4157 475 4228 ταῖν
504 4159 649 4230 κολάκων
683 4158 839 4249 δεσπότης
861 4158 1055 4244 ὀνομασθείς
1084 4153 1263 4235 ἐξαναστάς
1285 4151 1389 4244 άφῆκε
