3086 5086
579 439 792 502 „25-.

153 618 283 683 uitatem
306 617 465 701 Augustus
489 615 662 698 Nicopolim
685 615 853 698 appellavit
876 615 966 681 uictis
994 616 1061 682 illic
1083 615 1217 682 Antonio

152 725 184 788 et
208 721 378 806 Cleopatra‘
403 724 435 787 51
469 721 664 788 Cassiodorus
699 723 747 806 (er
770 721 852 789 Livii
886 720 1005 807 55551.)
1036 723 1099 791 chr.
1123 723 1163 787 ad
1186 741 1214 788 a.

156 831 221 894 724
245 829 427 910 ,Nicopolim
450 828 561 894 Caesar
586 830 755 907 construit‘,
781 829 910 912 denique
925 829 1097 914 Hesychius
1113 829 1215 895 Miles.

154 936 194 1001 ir.
219 935 363 1020 2(Μ4,
390 936 467 1020 145)
491 937 531 1000 51.
555 935 681 1002 Tacitus
716 936 889 1018 Nicopolim
923 936 1103 1014 ,Romanam
1137 935 1217 1001 colo-

152 1042 249 1108 niam‘
285 1061 395 1108 vocaus
429 1062 501 1107 auu.
534 1044 565 1122 5,
603 1045 644 1108 10
679 1042 857 1128 (5181555.
896 1045 946 1122 10,
976 1043 1007 1120 2,
1032 1043 1052 1107 2
1074 1061 1103 1125 p.
1127 1041 1216 1126 450),

153 1167 224 1214 cum
248 1149 397 1216 Eusebius
420 1148 499 1212 nihil
523 1149 607 1214 dicat
629 1149 691 1214 nisi
714 1149 881 1232 ,Nicopolis
897 1150 982 1214 iuxta
998 1147 1123 1214 Actium
1147 1166 1217 1213 oon·

153 1255 220 1320 dita
244 1256 301 1320 est‘
325 1253 384 1341 (ita
407 1256 557 1338 interpres
580 1255 833 1321 Armeniosne.
864 1257 949 1322 1989
974 1255 1011 1320 51.
1036 1255 1125 1339 Syro.
1152 1258 1215 1337 ip.

154 1361 231 1439 583,
258 1363 297 1426 17
321 1363 353 1426 51
374 1361 525 1446 Hieron).
550 1381 618 1428 cum
654 1365 756 1428 autom
786 1363 842 1428 hoc
865 1363 1029 1440 scriberet,
1060 1362 1093 1425 in
1115 1362 1217 1426 mente

153 1468 276 1562 videtur
292 1469 395 1553 Lydus
410 1470 553 1536 habuisse
568 1469 697 1534 Turrem
714 1469 875 1549 Stratonis,
896 1469 1090 1534 Palaestinae
1105 1467 1216 1534 Asia·

152 1577 261 1641 11555
283 1577 399 1654 urbem,
424 1577 462 1641 ab
485 1576 607 1642 Herode
629 1579 663 1640 iu
686 1577 822 1660 Augusti
851 1577 993 1641 honorem
1018 1575 1216 1641 constitutam

153 1684 193 1748 oi.
219 1683 392 1748 Schultzius
414 1703 444 1766 p.
470 1684 511 1748 27
530 1701 554 1749 5
577 1703 635 1767 555
651 1683 844 1750 511511515515
859 1682 937 1750 adde
952 1682 1121 1765 Josephum
1145 1681 1216 1746 bell.

156 1793 185 1867 1,
204 1791 256 1867 21,
275 1793 292 1855 7
310 1792 373 1854 sut.
393 1792 443 1869 15,
469 1792 498 1870 8,
523 1791 554 1858 5.
577 1793 608 1870 9,
633 1792 653 1856 6
672 1789 838 1856 Eusebium
855 1789 927 1852 hist.
946 1788 1019 1852 eccl.
1038 1789 1068 1865 2,
1095 1789 1136 1851 19
1152 1787 1215 1851 chr.

152 1899 175 1961 i.
193 1916 223 1961 a.
240 1898 337 1962 2005-
350 1897 444 1980 (uude
467 1897 601 1979 pendent
615 1896 740 1960 Hieron.
758 1897 789 1961 51
812 1895 913 1960 chron.
930 1893 1038 1958 Pasoh.
1059 1895 1075 1956 1
1093 1912 1122 1974 p.
1141 1893 1215 1969 361,

154 2002 252 2090 255.)
270 2003 468 2070 Ammianum
488 2006 538 2084 14,
556 2005 586 2081 8,
607 2006 644 2067 11
662 2003 810 2068 Malalam
828 2003 847 2066 9
864 2021 894 2084 p.
912 2003 986 2079 224,
1010 2003 1025 2064 l
1044 2019 1089 2081 sq.
1108 1998 1216 2063 Cedre-

153 2131 228 2175 num
251 2113 274 2175 1.
295 2115 311 2176 l
333 2131 362 2193 p.
380 2111 456 2188 323,
482 2113 523 2176 10
546 2129 611 2194 sqq.
636 2109 702 2195 (qui
725 2109 839 2175 eisdem
862 2109 960 2172 utitur
984 2108 1084 2200 verbis
1108 2106 1217 2188 quihus

154 2217 376 2302 855551155-
392 2237 427 2283 or
449 2218 514 2283 Jul.
538 2217 685 2282 Africano
708 2254 752 2263 —
778 2219 794 2280 1
819 2236 848 2297 p.
873 2216 949 2292 584,
974 2217 994 2278 9
1018 2233 1092 2294 sqq,
1118 2231 1217 2277 errore

153 2326 259 2389 tamen
274 2324 330 2389 hoc
353 2327 391 2390 55
408 2325 529 2390 Herode
545 2324 662 2406 Autipa
680 2363 722 2373 —
741 2342 829 2406 quem
846 2321 925 2387 falso
940 2321 1113 2404 Agrippam
1129 2321 1218 2383 uocat

155 2469 197 2477 —
210 2433 243 2495 in
255 2431 371 2497 Tiberii
386 2433 529 2497 honorem
541 2432 658 2496 factum
675 2425 826 2516 statuens)
843 2429 923 2494 locos
935 2427 1062 2493 Roherti
1077 2425 1217 2490 monachi

153 2540 186 2603 et
210 2539 292 2604 Guil.
317 2540 402 2623 Tyrii
432 2559 451 2603 a
484 2537 646 2621 Duoaugio
674 2537 714 2601 ad
736 2537 757 2600 l.
783 2537 812 2603 d.
836 2535 970 2600 chronici
993 2532 1151 2598 Paschalis
1175 2532 1218 2596 oi-

153 2647 245 2712 tatos.
269 2646 370 2728 potest
402 2647 507 2710 tamen
541 2645 635 2710 etiam
670 2643 736 2708 fieri
759 2644 794 2706 ut
817 2643 854 2706 de
887 2662 920 2706 55
944 2640 1091 2724 cogitarit
1113 2639 1217 2723 Lydus

154 2753 235 2836 quod
259 2748 340 2836 apud
362 2754 426 2819 Jos.
451 2754 514 2816 ant.
542 2754 593 2829 16,
619 2751 650 2828 5,
674 2752 693 2814 3
717 2749 849 2832 legimus
873 2749 926 2812 ubi
950 2749 996 2811 est
1020 2746 1056 2810 de
1080 2746 1216 2812 Herode:
1249 2819 1254 2837 .

154 2861 378 2934 Νικοπολίταις
391 2911 398 2924 .
414 2857 498 2924 ..τοὶ
514 2861 651 2924 πλεῖστα
661 2853 724 2922 τῶν
741 2859 900 2942 δημοσίων
916 2849 1214 2936 συγκατεσκεύασεν.

261 2967 340 3030 Tum
363 2967 395 3029 in
419 2966 497 3030 libro
523 2965 570 3043 ‚de
600 2963 737 3028 ostentis‘
763 2981 788 3024 5.
824 2963 864 3025 10
895 2981 924 3042 p.
958 2961 1011 3038 29,
1035 2960 1055 3022 9
1079 2978 1143 3040 555.
1169 2959 1216 3023 ed.

155 3071 310 3138 Wachsm.
336 3072 393 3138 hoc
416 3071 519 3156 Lydus
543 3071 694 3155 depromit
710 3089 746 3134 ex
766 3069 926 3134 Phimianae
949 3067 1099 3132 naturalis
1122 3066 1219 3133 histo·

155 3179 220 3244 riae
243 3179 307 3245 loco
337 3199 355 3244 a
380 3178 427 3266 (O.
452 3180 488 3243 B.
512 3179 607 3242 Hesio
629 3198 659 3260 p.
686 3177 750 3242 285
774 3176 821 3240 ed.
844 3176 943 3240 Bonu.
968 3175 1011 3258 51)
1035 3175 1219 3239 Wachsmu-

155 3287 221 3350 thio
243 3286 338 3352 allato
363 3288 393 3364 2,
418 3288 460 3352 98
484 3285 674 3350 adverbum
709 3285 771 3348 fere
803 3301 957 3364 expresso:
988 3287 1159 3364 φαίνονται
1182 3283 1219 3344 (lh

153 3395 208 3458 καὶ
230 3396 301 3480 περὶ
323 3391 379 3458 τόν
401 3389 490 3478 ἣλιον
514 3389 640 3475 α’στέρες
663 3387 717 3455 dcci
740 3386 845 3472 πάσης
866 3385 920 3474 τῆς
935 3385 1050 3476 ἡμέρας
1072 3389 1124 3451 καὶ
1147 3389 1219 3473 περὶ

154 3498 211 3564 τὸν
234 3503 342 3567 δίσκον
365 3497 463 3566 αὐτὸν
485 3493 640 3585 καθάπερ
662 3506 820 3580 στέφανος
837 3497 890 3560 καὶ
909 3489 1121 3577 ποικιλόχροοί
1139 3517 1220 3568 τινες

155 3601 273 3684 κύκλοι,
303 3603 407 3673 ὁποῖοι
441 3603 608 3693 ἐφάνησαν
640 3600 692 3669 ὅτε
728 3599 903 3686 Αὔγουστος
944 3598 1017 3676 σούς
1049 3601 1220 3684 ἐμφυλίους

154 3715 315 3796 πολέμους
336 3709 465 3778 ἐκδικῶν
498 3710 553 3776 τὸν
588 3721 712 3798 πατέρα
746 3715 934 3798 mancipato:
966 3707 1045 3791 quod
1067 3708 1220 3774 ostentum

155 3820 250 3886 etiam
268 3821 318 3885 Ι55
350 3820 541 3903 0555555515
572 3837 598 3883 5.
624 3821 666 3884 68
690 3817 823 3882 traditur
846 3817 895 3882 his
918 3817 1020 3880 verbis
1043 3836 1123 3895 ,cum
1146 3817 1219 3879 hora

155 3926 218 3992 diei
239 3927 332 3992 tertia
356 3926 478 4010 ingenti
500 3925 684 3990 circumfusa
717 3923 917 3988 multitudine
938 3923 1068 3987 Romam
1091 3921 1220 3985 intraret

156 4033 205 4116 [0.
230 4032 402 4118 05155155),
426 4033 472 4098 sol
501 4031 571 4115 puri
593 4049 630 4096 55
654 4031 754 4096 sereni
783 4031 862 4096 caeli
884 4031 956 4095 orbe
979 4028 1097 4092 modico
1119 4025 1221 4090 inolu-

155 4161 206 4207 sus
230 4143 382 4206 extremae
405 4141 505 4204 lineae
535 4137 650 4204 circulo
681 4137 780 4221 555115
808 4137 895 4202 tendi
918 4154 1006 4200 arcus
1029 4134 1063 4196 in
1085 4132 1220 4199 5551555
1331 4175 1335 4180 -

156 4248 234 4315 55151
257 4267 326 4313 eum
350 4245 612 4328 circumscripsit,
643 4263 731 4328 porro
760 4263 778 4308 5
808 4241 950 4310 Suetonio
981 4239 1084 4324 (quem
1117 4259 1221 4322 presso
