3086 5086
681 419 900 483 ..60-

258 592 332 665 quod
349 592 445 662 populo
458 595 487 647 et
504 591 578 662 plebi
632 608 683 662 que
701 592 854 662 compluris.
877 592 951 661 legs·
1004 593 1135 664 χρήματα
1160 592 1244 645 nollet
1264 592 1331 646 nol-

261 679 483 752 qnudringeuties
527 683 579 736 tri·
634 681 677 756 vit
706 680 804 750 populo
834 680 866 737 R.
886 696 951 750 que·
1005 679 1060 740 λαΐς
1077 678 1123 733 καὶ
1148 681 1203 734 τοῖν
1227 697 1331 752 προπη-

257 771 314 824 eies
335 769 486 839 quinquies,
503 785 579 838 pree·
632 766 809 836 dringenties,
822 767 948 823 tribubus
1005 770 1109 822 2(er
1138 769 1164 822 ot
1199 767 1244 822 καὶ
1274 771 1332 822 τῶν

258 857 391 912 tonitrum
429 857 579 912 cohortium
634 857 726 910 tricies
747 857 889 925 quinquies
911 873 952 912 se·
1007 854 1168 927 ἀλλοτρίων,
1187 853 1240 926 οὐχ
1257 857 1332 916 ὅπως

276 945 412 1002 militibus
454 946 563 1014 singula
634 943 769 1009 stertium,
806 947 954 1015 praetorie-
1009 943 1161 1012 βουλευταῖς
1173 941 1217 997 καὶ
1231 945 1331 999 ἱππεῦ-

260 1049 397 1088 nummum
405 1033 581 1102 milie,legio·
634 1031 677 1084 nis
696 1031 831 1087 militibus
847 1033 955 1101 singule
1009 1047 1052 1084 σου
1069 1030 1136 1084 ἀλλὰ
1151 1030 1195 1085 καὶ
1206 1034 1330 1102 βασιλεῦ-

288 1121 409 1190 nornen)
444 1124 564 1177 trecenos
635 1119 712 1174 milis
725 1136 951 1186 nummorum,co·
1009 1135 1041 1184 συ,
1069 1121 1108 1192 τῷ
1133 1138 1162 1174 τε
1186 1119 1266 1192 δήμῳ
1282 1139 1332 1192 γυ-

258 1209 580 1266 nummosviritimdedit.
635 1207 758 1262 hortibus
844 1207 955 1263 urbanis
1008 1205 1065 1266 λίυς
1077 1208 1209 1278 μυροοίδας
1221 1206 1331 1268 καὶτοῖς

636 1297 795 1365 quingenos,
833 1298 954 1367 legione·
1007 1297 1178 1364 πρυταότυυς
1202 1296 1257 1356 τοῖς
1275 1299 1331 1369 μὲν

633 1385 683 1438 riis
719 1387 840 1440 trecenos
877 1403 952 1440 num·
1006 1383 1167 1454 δορυφόροις
1184 1385 1252 1438 κατὰ
1265 1404 1331 1439 πεν-

632 1488 698 1527 mos.
1006 1469 1185 1538 vesona-mo
1195 1471 1332 1534 διακοσίας

634 1559 694 1614 Tib.
705 1561 739 1614 23
749 1562 840 1614 coacto
856 1565 951 1616 senatu
1008 1558 1143 1630 δραχμὰς,
1161 1560 1216 1620 τοῖς
1228 1559 1331 1615 &oloro-

651 1689 658 1700 .
678 1689 684 1701 .
705 1689 710 1701 .
730 1647 848 1702 inlutum
860 1649 953 1718 Augu-
1006 1646 1063 1707 κοῖς
1080 1649 1131 1716 τὴν
1148 1647 1274 1720 ἡμίσειαν
1292 1652 1332 1723 τῷ

632 1737 671 1792 sti
689 1739 883 1792 testamentum
899 1754 953 1792 non
1006 1753 1036 1788 τε
1053 1736 1136 1808 λοιπῷ
1149 1737 1187 1808 τῷ
1204 1738 1333 1810 πολιτικῷ

635 1825 759 1880 admissis
768 1827 953 1894 signatoribus
1009 1825 1110 1892 πλήθει
1127 1827 1208 1879 πέντε
1220 1824 1265 1880 καὶ
1284 1825 1331 1895 ἑβ-

632 1916 686 1968 nisi
698 1915 828 1969 senatorii
843 1915 952 1979 ordinis,
1008 1911 1162 1984 δομήκουοα
1210 1914 1331 1982 δοθῆναι

632 2003 728 2057 ceteris
758 2006 833 2058 extra
852 2004 953 2057 curiam
1007 1999 1136 2055 ἐκέλευσε.

634 2091 714 2159 signa
744 2091 953 2159 agnoscentibus
1043 2088 1139 2158 quibus
1176 2089 1331 2146 addendum

631 2180 760 2234 recitavit
788 2196 836 2248 per
871 2180 953 2234 liber·
1007 2181 1050 2231 est
1063 2177 1226 2248 quodhcbet
1242 2178 1329 2234 Zone·

631 2271 698 2321 tum.
718 2270 878 2322 testamenti
900 2269 952 2322 ini·
1007 2281 1050 2320 res
1070 2269 1111 2332 10,
1139 2267 1174 2321 38
1193 2267 1244 2320 vol.
1264 2269 1282 2320 2
1299 2284 1327 2336 p.

633 2357 702 2409 tium
721 2355 777 2409 fuit
803 2394 817 2419 ‚.
847 2356 952 2410 ‚llbe-
1005 2355 1067 2419 454,
1096 2356 1130 2408 27
1158 2385 1192 2394 -
1219 2353 1281 2420 455,
1312 2360 1329 2412 1

631 2444 687 2496 rius
705 2442 803 2497 Caesar
829 2444 898 2496 mihi
922 2459 953 2498 ex
1006 2443 1047 2498 ed.
1072 2439 1194 2498 Dindori.

631 2529 832 2600 partedimidio
848 2534 877 2585 et
896 2547 952 2586 sex-

501 2673 530 2686 „
632 2623 709 2674 tante
729 2619 804 2674 heres
828 2621 904 2675 esto'.

330 2735 412 2806 (quod
430 2735 507 2791 brevi
525 2736 586 2804 post
611 2735 733 2804 sequitur
758 2735 829 2804 apud
856 2736 930 2790 Suet.
949 2735 1046 2800 ,Julius
1066 2765 1098 2776 ·-
1118 2734 1221 2790 inferri‘
1240 2740 1269 2789 et
1283 2752 1328 2805 ep.

256 2822 360 2893 Xiphil.
387 2826 438 2892 τὴν
464 2825 605 2896 θυγατέρα
632 2854 666 2863 -
694 2816 871 2895 ἀπηγόρευσε.
901 2825 1016 2877 τοσαῦτα
1043 2821 1106 2894 lucer
1143 2823 1172 2876 αἱ
1195 2823 1330 2893 διαθῆκαι

257 2911 370 2980 ἐδήλουν
387 2913 442 2968 iam
461 2928 541 2981 supra
560 2914 743 2982 comparatum
762 2911 823 2979 est.)

266 3025 341 3082 Suet.
359 3027 429 3094 Aug.
451 3027 501 3080 101
521 3027 566 3080 fin.
632 3027 684 3080 Dio
695 3027 738 3091 56,
748 3029 783 3083 33
793 3043 835 3096 ap.
847 3026 950 3095 Xiphil.
1004 3027 1090 3082 Tacit.
1105 3043 1167 3082 enn.
1188 3030 1212 3092 1,
1233 3030 1266 3082 11
1279 3029 1327 3084 fin.

293 3113 382 3168 tribus
396 3113 578 3168 voluminibus
668 3114 816 3186 ἐσεκομὶθη
846 3114 877 3168 δὲ
907 3113 951 3168 καὶ
1044 3114 1192 3186 [Tiberius]
1212 3117 1328 3185 proferri

256 3218 311 3257 nno
330 3201 460 3257 mandato
486 3202 518 3257 de
537 3203 578 3258 fu·
632 3202 718 3273 βιβλία
747 3206 870 3275 τέσσαρα·
906 3201 953 3256 καὶ
1003 3201 1127 3257 libellum
1163 3205 1328 3278 recitarique

256 3307 320 3346 uere
349 3308 396 3346 sno
427 3292 578 3360 complexus
632 3290 700 3346 αὐτοὶ
720 3291 733 3344 ὁ
754 3293 869 3363 Δροῦσος
887 3289 951 3346 ove*-
1005 3291 1093 3346 iussit.
1121 3308 1183 3361 opes
1201 3293 1327 3362 publices

254 3381 307 3444 cst,
340 3381 429 3434 'altero
460 3379 578 3435 indicem
631 3399 696 3450 γυω.
744 3381 896 3452 ἐγέγραπτο
921 3380 952 3434 δὲ
1045 3371 1269 3448 continebuntur,

256 3483 345 3522 rerum
363 3485 379 3522 a
398 3485 425 3522 se
438 3471 577 3536 gestorum
631 3470 662 3523 ἐν
679 3471 733 3541 μὲν
745 3471 783 3542 τῷ
794 3471 890 3542 πρώτῳ
903 3469 952 3521 ὅσα
1006 3473 1138 3540 qnantum
1165 3472 1266 3526 civium
1284 3488 1328 3526 so-

256 3571 336 3626 quem
373 3557 456 3612 vellet
492 3557 577 3612 incidi
629 3559 677 3626 τῆς
694 3559 784 3628 ταφῆς
799 3560 902 3628 οἴχετο,
921 3557 952 3611 ἐν
1005 3559 1158 3629 ciorumque
1185 3560 1214 3613 in
1233 3562 1326 3626 armis,

255 3645 286 3698 iu
334 3645 425 3700 aeneis
473 3645 576 3702 tubulis
630 3644 661 3698 δὲ
678 3647 717 3716 τῷ
733 3646 848 3718 δευτέρῳ
859 3647 893 3698 ui
906 3644 951 3717 ἔρ-
1023 3650 1089 3717 quot
1107 3647 1205 3702 classes
1223 3663 1308 3718 regna

258 3825 472 3835 -n-——--—.--

363 3929 408 3997 71)
428 3928 509 3984 verbs
527 3929 557 3983 in
573 3929 630 3985 cod.
650 3931 677 3984 h.
691 3930 709 3984 l.
729 3931 872 4002 sequentis
883 3929 997 3986 delenda
1016 3946 1072 3986 esse
1085 3933 1150 4000 puto
1169 3947 1229 3984 cum
1247 3930 1277 3986 C.
1290 3931 1324 3985 Δ.

255 4015 387 4072 Muelloro
407 4019 436 4073 iu
455 4017 554 4074 Philol.
573 4019 625 4074 vol.
645 4019 680 4074 3³
699 4035 724 4088 p.
745 4019 797 4074 315
816 4035 855 4088 sq.
