3086 5086
774 485 994 552 ..54-

353 663 491 747 Augusti
514 663 610 728 vitam
636 663 831 746 descripsisse
847 681 901 745 per
917 681 948 728 sc
965 662 1167 746 improbabile
1183 661 1316 751 uidetur,
1340 661 1426 726 libro

354 769 457 833 autem
482 768 519 834 de
543 769 688 852 exemplis
723 769 762 834 ab
798 788 832 833 00
856 768 1026 850 conscripto
1059 768 1118 831 hae
1141 768 1424 832 animadversiones

355 890 404 938 me
428 874 550 956 quidem
574 873 674 939 iudice
698 875 847 940 contineri
871 894 931 938 non
954 874 1135 956 potuerunt3
1160 874 1293 938 maxime
1317 875 1424 938 autem*

356 980 428 1062 quin
453 979 603 1062 Nepotem
638 999 788 1064 anonymo
824 998 877 1062 pro
899 981 984 1044 fonte
1006 979 1102 1044 fuisse
1125 980 1297 1044 statuamus
1320 979 1424 1045 obstat

357 1086 385 1168 ἓ.
410 1087 432 1150 4
455 1086 496 1152 11.
519 1086 573 1150 ubi
596 1085 675 1168 quod
712 1086 847 1151 traditur
881 1085 1016 1150 uidimus
1040 1104 1058 1149 a
1082 1085 1219 1150 Suetonii
1242 1087 1364 1151 auctore
1387 1105 1424 1150 ex

356 1191 494 1275 Augusti
516 1189 617 1256 indice
653 1192 809 1273 sumptum
844 1210 929 1270 esse,
961 1210 1049 1273 quem
1073 1192 1178 1274 utpote
1202 1193 1424 1274 postmortem

358 1298 480 1363 demum
518 1297 653 1382 Augusti
686 1297 803 1380 publici
837 1297 912 1362 iuris
944 1297 1060 1361 factum
1086 1295 1245 1375 Cornelio,
1276 1297 1423 1362 etiamsi

358 1402 454 1486 usque
478 1403 516 1468 ad
540 1405 707 1468 extremum
732 1403 868 1486 Augusti
895 1405 1016 1485 tempus
1039 1423 1109 1468 eum
1133 1403 1243 1468 vixisse
1266 1421 1423 1486 ponamus,

358 1509 392 1572 in
414 1527 502 1574 usum
527 1527 634 1574 vocare
657 1529 716 1574 non
739 1509 838 1573 licuit.
863 1529 932 1574 eum
956 1510 1059 1574 autem
1084 1509 1116 1572 in
1138 1509 1195 1574 hoo
1211 1507 1312 1592 eapite
1329 1510 1425 1591 scrip-

358 1617 406 1679 tor
441 1634 564 1696 prorsus
597 1615 704 1680 eadem
738 1614 856 1679 ratione
890 1634 950 1696 qua
984 1635 1037 1697 per
1066 1615 1166 1680 totum
1189 1615 1331 1680 libellum
1354 1634 1425 1680 cum

359 1702 449 1785 Floro
483 1721 514 1785 et
548 1721 691 1804 Ampelio
724 1722 894 1805 congruat,
931 1741 1001 1786 eum
1031 1721 1081 1786 hic
1105 1721 1209 1786 eodem
1233 1740 1291 1804 quo
1315 1721 1427 1786 ceteris

359 1826 435 1892 locis
464 1827 548 1893 Flori
578 1827 772 1912 Ampeliique
806 1829 927 1894 auctore
961 1847 1049 1892 usum
1074 1845 1139 1893 esse
1162 1827 1202 1892 ad
1225 1827 1291 1892 veri
1314 1825 1429 1891 simili-

360 1932 500 1997 tudinem
525 1935 773 2016 quamproxime
808 1935 935 2000 accedit.
970 1935 1073 2015 itaquo
1107 1933 1250 2015 quoniam
1283 1931 1430 2014 plurimis

363 2038 461 2115 locis,
496 2039 529 2102 in
565 2039 673 2121 primis
706 2040 814 2124 multis
849 2059 951 2105 eorum
974 2041 1028 2104 ubi
1051 2059 1119 2104 cum
1145 2040 1234 2104 111010
1257 2058 1373 2121 quoque
1397 2041 1428 2104 et

361 2143 503 2226 Ampelio
527 2145 670 2223 concinit,
693 2165 878 2230 anonymum
913 2165 982 2211 eum
1006 2144 1145 2210 Cornelio
1169 2145 1333 2229 insigniter
1356 2164 1430 2210 con·

364 2269 471 2316 sonare
486 2251 642 2333 Hauptius
657 2252 828 2316 luculenter
844 2251 947 2330 evicit,
971 2251 1050 2315 nihil
1074 2251 1159 2316 aliud
1175 2251 1296 2315 videtur
1312 2253 1430 2316 restare

362 2357 422 2422 nisi
456 2359 492 2421 ut
525 2357 706 2439 primarium
742 2359 832 2422 illum
865 2358 1007 2448 anonymi
1031 2359 1195 2435 auctorem,
1221 2376 1309 2438 quem
1335 2357 1430 2420 etiam

363 2463 525 2545 Ampelius
550 2463 580 2526 et
603 2463 711 2528 Florus
734 2464 848 2544 passim
873 2463 980 2528 ducem
1004 2464 1064 2528 sibi
1080 2464 1249 2548 elegerunt,
1275 2500 1316 2509 —
1341 2483 1432 2544 prae-

353 2570 410 2633 ter
434 2587 522 2651 quem
547 2569 577 2633 et
600 2568 721 2634 Livium
747 2571 810 2654 (vel
834 2571 994 2636 bivianam
1019 2568 1198 2654 epitomem)
1222 2571 1328 2633 tamen
1351 2570 1432 2634 alios

367 2693 482 2757 quoque
506 2694 576 2740 eum
610 2675 709 2740 fontes
745 2679 884 2742 secutum
909 2696 973 2742 esse
997 2696 1066 2741 vero
1088 2676 1259 2758 proximum
1284 2675 1361 2740 duco
1386 2712 1427 2721 —

365 2782 537 2846 statuamus
561 2783 626 2848 eius
649 2783 733 2847 modi
755 2784 849 2849 fuisse
872 2803 974 2847 rerum
998 2783 1176 2864 scriptorem
1200 2781 1253 2862 qui
1275 2781 1432 2862 permulta

364 2906 419 2952 sua
443 2908 459 2952 e
482 2889 599 2970 Nepote
623 2889 781 2954 mutuatus
806 2890 950 2973 esserra).
976 2889 1042 2971 quis
1065 2889 1169 2953 autem
1193 2887 1274 2952 inter
1291 2907 1340 2952 eos
1357 2906 1432 2970 quo-

365 3013 434 3058 rum
458 2996 513 3059 aut
535 2993 652 3077 aliquid
687 2995 774 3060 nobis
809 2996 963 3059 servatum
994 2995 1049 3059 aut
1072 2995 1109 3058 de
1133 2995 1242 3076 quibus
1265 2994 1433 3058 memoriae

365 3099 522 3182 proditum
546 3102 593 3166 est
616 3101 778 3184 scriptores
801 3100 852 3166 hie
876 3103 980 3165 auctor
1003 3101 1107 3178 luerit,
1133 3101 1169 3164 de
1192 3119 1228 3164 ea
1250 3119 1282 3164 re
1305 3119 1344 3164 ne
1367 3099 1434 3182 opi·

365 3207 521 3272 nationem
545 3207 668 3290 quidem
691 3209 723 3272 in
749 3205 885 3273 medium
909 3207 1042 3290 proferre
1065 3206 1183 3282 ausim;
1208 3206 1239 3270 id
1263 3205 1362 3270 solum
1386 3205 1434 3270 ri-

368 3300 458 3378 detur
492 3315 589 3378 coniei
622 3333 708 3396 posse
753 3333 788 3379 ex
820 3314 877 3380 hoe
917 3314 1039 3378 1101010
1081 3313 1176 3378 etiam
1209 3331 1260 3377 eos
1295 3311 1437 3378 Suetonii
1538 3366 1539 3369 ,

475 3560 519 3628 65)
546 3557 592 3614 scd
619 3560 702 3614 etiem
728 3575 834 3628 prorsus
861 3558 980 3612 diversos
1008 3557 1079 3612 adiit
1106 3558 1208 3612 tontes:
1235 3557 1273 3612 sic
1301 3556 1437 3610 Manlium

367 3647 552 3716 Capitolinum
575 3646 664 3716 Nepos
695 3645 859 3701 verberando
896 3648 1035 3710 necatum,
1066 3645 1151 3700 Varro
1182 3661 1195 3698 0
1226 3660 1288 3699 saxo
1320 3643 1437 3712 Tarpeio

366 3737 576 3805 praecipitatum
589 3753 645 3790 esse
658 3735 800 3805 scripserat
815 3738 887 3790 10010
901 3733 1044 3799 Galbuli,
1063 3737 1107 3799 21,
1125 3735 1175 3789 24:
1193 3749 1247 3788 non
1260 3732 1328 3788 illud
1341 3735 1438 3788 autem

368 3824 413 3879 scd
432 3825 482 3878 hoe
509 3825 625 3879 relatum
653 3825 769 3893 legimus
798 3823 868 3893 apud
896 3839 1059 3894 anonymum
1087 3823 1130 3886 24,
1160 3823 1176 3876 l
1204 3822 1286 3892 (quod
1305 3822 1439 3876 Schottus

368 3901 576 3984 animadvertit)
594 3912 747 3983 supersum
766 3913 808 3978 m,
835 3915 854 3968 4
880 3913 990 3967 urorum
1009 3915 1034 3976 1,
1054 3913 1089 3966 m
1108 3910 1154 3979 (no
1173 3912 1197 3978 0.
1216 3911 1253 3980 s).
1280 3939 1314 3949 -
1337 3911 1389 3966 nac
1409 3927 1440 3964 re

368 4002 450 4056 simul
462 4001 581 4057 efficitur
593 4017 647 4058 non
658 4002 736 4056 modo
749 4003 837 4070 ipsum
849 4001 1002 4058 Cornelium
1016 3999 1062 4055 scd
1075 4016 1108 4054 ne
1122 3999 1310 4053 continuatum
1326 3990 1440 4068 quidem

369 4090 487 4146 eiusdem
507 4107 572 4160 opus
585 4089 738 4145 habendum
757 4107 813 4145 esre
826 4119 859 4128 —
873 4088 945 4160 quod
962 4089 1077 4144 fortasse
1096 4087 1195 4140 dixerit
1213 4086 1314 4158 aliquis
1328 4117 1361 4125 -
1374 4102 1442 4140 cum

367 4177 472 4234 fontem
492 4195 571 4252 quem
590 4195 737 4250 anonymus
756 4178 850 4234 Florus
869 4178 1008 4248 Ampelius
1027 4176 1218 4232 ceommunitor
1243 4175 1445 4229 consuluerint.
