3086 5086
322 1021 432 1076 Tacitus
459 1022 483 1083 1,
509 1020 534 1072 8.

302 1113 363 1164 tum
404 1107 588 1161 consultatum

268 1199 301 1252 de
310 1195 463 1252 honoribus.
483 1211 515 1248 ex
529 1194 589 1264 quis

267 1288 383 1352 maxime
402 1285 524 1350 insigues
549 1283 590 1335 vi·

268 1376 292 1428 si
310 1375 349 1438 hi,
380 1377 412 1427 ut
438 1376 516 1440 porta
540 1370 590 1423 tri-

268 1461 390 1532 umphali
399 1461 539 1515 duceretur
550 1458 591 1512 fu·

269 1567 328 1613 nus,
360 1549 454 1603 Gallus
472 1547 591 1610 Asinius,

269 1641 302 1691 ut
341 1637 430 1704 legum
474 1636 591 1688 latarum

270 1725 357 1786 tituli,
395 1725 527 1780 uictarum
558 1721 592 1776 ab

270 1829 301 1866 eo
319 1814 443 1880 gentium
463 1811 594 1866 vocabula

271 1900 478 1963 anteferrentur,
497 1900 527 1952 L.
542 1899 592 1952 Ar-

299 1989 406 2042 runtius
438 2003 569 2041 censuere.

270 2075 388 2129 addebat
400 2075 528 2129 Messalla
540 2075 593 2128 Va-

272 2167 355 2218 lerius
409 2162 593 2218 renovandum

270 2270 318 2322 per
336 2269 419 2306 annos
442 2267 592 2306 sacramen-

271 2345 331 2396 tum
362 2343 391 2394 in
421 2357 517 2393 nornen
546 2339 591 2391 Ti-

271 2429 357 2482 berii.
378 2469 384 2480 .
405 2403 593 2481 .con'olarnant

271 2519 363 2585 patres
381 2531 474 2584 corpus
499 2513 533 2568 ad
551 2531 593 2568 ro·

271 2620 336 2672 gum
364 2605 463 2658 umeris
488 2608 594 2658 senato·

271 2707 331 2746 rum
346 2691 494 2746 ferendum.
514 2693 593 2746 remi-

272 2781 310 2835 sit
328 2780 426 2836 Caesar
450 2781 595 2849 adroganti

272 2869 456 2924 moderatione
513 2885 595 2938 popu·

272 2959 381 3026 lumque
391 2957 480 3012 edicto
490 2958 596 3010 monuit

272 3045 596 3112 ne,utquondamnirniis

273 3130 372 3186 studiis
408 3132 488 3186 funus
529 3134 594 3186 Divi

272 3220 342 3274 Julii
361 3221 526 3285 turbassent,
554 3221 595 3276 ita

273 3309 428 3376 Augustum
467 3311 497 3364 in
537 3309 594 3363 foro

273 3398 364 3465 potius
383 3414 463 3466 quarn
476 3398 504 3451 in
524 3413 594 3452 carn·

273 3501 307 3554 po
326 3485 435 3548 Martio,
463 3485 524 3540 sede
550 3485 594 3540 de·

273 3574 388 3638 stinata‚
409 3575 520 3628 cremari
539 3574 593 3628 vel-

273 3661 341 3715 lent.

689 422 910 486 ...62-

641 595 727 664 αὐιὴν
769 593 879 649 ἔσεσθαι
915 591 964 646 καὶ

641 685 824 738 κινδυνεύσειν
851 683 881 737 ἐκ
899 683 962 734 τού-

641 791 687 826 του
705 770 750 825 ιιαὶ
768 771 800 824 ιὰ
814 771 880 824 ὄντα
893 767 962 823 ἄπο-

641 860 714 912 leone
733 857 795 928 ἔφη.

660 1018 734 1072 Suet.
754 1017 822 1085 Aug.
848 1018 901 1071 100
918 1033 944 1086 p.

643 1105 686 1167 84,
706 1107 741 1159 22
763 1123 821 1176 sqq.

680 1197 790 1246 senatus
818 1197 846 1247 et
874 1194 903 1246 in
922 1191 963 1245 fu·

644 1297 707 1336 nere
735 1281 853 1336 ornando
881 1285 910 1335 ct
935 1281 964 1334 in

645 1371 773 1423 momoria
809 1367 964 1423 honoranda

645 1475 676 1513 eo
713 1457 803 1512 studio
837 1458 964 1512 certatim

645 1563 799 1615 progressus
819 1549 860 1600 est
878 1548 910 1598 ut
926 1545 966 1598 in·

645 1637 688 1687 ter
725 1633 780 1686 alie
833 1633 967 1702 complura

646 1723 798 1776 censuerint
857 1717 967 1790 quidam

645 1811 726 1865 funus
807 1809 968 1878 triumphali

645 1897 965 1968 portaducendumprae·

646 1986 757 2042 cedente
767 1987 889 2041 Victoria
900 2001 967 2056 quae

647 2075 736 2128 estin
764 2075 845 2139 curia,
872 2090 967 2128 caucu-

646 2163 721 2216 tibus
739 2163 846 2216 neniam
870 2161 969 2231 princi·

647 2269 710 2321 pum
741 2251 836 2305 liberis
867 2251 967 2306 utrius-

646 2356 697 2408 que
716 2356 807 2403 serus;
828 2339 877 2392 alii
896 2355 969 2392 erse·

646 2428 770 2496 quiarum
798 2427 841 2481 die
870 2442 969 2495 ponen-

646 2515 693 2569 dos
738 2516 832 2570 anulos
876 2530 969 2568 aureos

645 2604 796 2674 ferreosque
813 2601 969 2666 sumendos;

646 2693 770 2747 nonnulli
780 2688 839 2746 ossa
850 2690 966 2759 legenda

648 2797 695 2850 per
724 2781 874 2835 sacerdotes
899 2796 969 2832 sum·

647 2885 751 2924 morum
787 2868 968 2936 collegiorum.

648 2957 751 3011 fuitei
779 2957 826 3026 qui
845 2955 970 3010 suaderet

649 3045 859 3114 appellationem
895 3061 970 3100 men·

648 3135 685 3188 sis
703 3133 822 3202 Augusti
852 3135 880 3187 in
905 3133 969 3202 Sep-

648 3223 780 3277 tembrem
805 3221 970 3276 transteren-

647 3311 718 3375 dam,
737 3311 808 3380 quod
826 3310 875 3363 hoc
893 3309 970 3377 geni·

647 3403 692 3455 tus
705 3402 855 3466 Augustus,
865 3398 914 3451 illo
924 3396 970 3451 de·

647 3487 756 3542 functus
785 3489 869 3550 csset;
899 3485 969 3539 alius

646 3578 679 3630 ut
690 3591 768 3630 omne
775 3569 881 3642 tompus
890 3589 906 3626 a
916 3573 970 3641 pri·

647 3679 690 3716 mo
728 3662 772 3717 die
810 3661 898 3716 natali
935 3659 969 3714 ad

1064 1015 1116 1068 Dio
1136 1013 1178 1078 56,
1197 1012 1241 1075 34,
1261 1013 1286 1066 3.

1052 1101 1097 1155 καί
1132 1119 1171 1160 τις
1212 1097 1257 1153 καὶ
1293 1099 1343 1151 τοῦ

1016 1188 1156 1264 Πομπηίου
1184 1189 1232 1242 τοῦ
1250 1187 1341 1260 μεγά-

1015 1281 1062 1332 λου
1090 1278 1172 1332 εἰκῶν
1197 1276 1283 1346 ὤφθη
1307 1275 1342 1328 ια’

1016 1386 1045 1422 τε
1076 1365 1145 1433 ἔθνη
1175 1364 1260 1417 πάνθ’
1291 1363 1343 1413 ὅσα

1019 1437 1215 1524 accusatricem
1240 1451 1342 1519 ἐπιχω-

1021 1543 1082 1615 ρίως
1102 1541 1193 1612 σφίσιν
1212 1540 1248 1598 ὡς
1260 1539 1341 1592 ἔκασ-

1021 1651 1054 1688 ια
1063 1630 1243 1700 ἀπηκασμένα
1256 1627 1343 1698 ἐπέμ-

1021 1725 1090 1791 φθη.
1147 1715 1198 1770 κάν
1247 1717 1343 1768 τούτου

1021 1805 1065 1861 καὶ
1092 1807 1124 1861 τὰ
1156 1805 1222 1857 ἄλλα
1252 1800 1344 1862 αὐτοῖς

1020 1897 1070 1950 ὅσα
1094 1896 1125 1948 ἐν
1143 1894 1197 1952 τοῖς
1221 1893 1278 1944 ἄνω
1297 1892 1343 1942 λό·

1018 2003 1078 2054 γοις
1088 1985 1189 2053 εἴρηται
1202 1981 1343 2050 ἐφέσπετο.

1056 2073 1100 2136 56,
1110 2073 1154 2134 42,
1167 2073 1191 2124 1.
1200 2071 1217 2123 2
1226 2069 1296 2140 μετὰ
1311 2067 1343 2120 δὲ

1020 2163 1098 2216 τοῦτο
1125 2161 1176 2227 τὴν
1202 2157 1296 2224 κλίνην
1318 2156 1345 2208 οἱ

1022 2247 1099 2303 αὐτοὶ
1117 2251 1193 2317 οἵπερ
1212 2244 1257 2299 καὶ
1274 2247 1343 2314 πρό-

1022 2357 1100 2409 τερον
1133 2334 1267 2407 ἀράμενοι
1297 2333 1343 2386 διὰ

1023 2430 1078 2480 τῶν
1096 2425 1233 2479 ἐπινικίων
1251 2423 1345 2474 πυλῶν

1004 2516 1090 2583 ,κατὰ
1109 2515 1142 2567 τὰ
1161 2515 1194 2582 τῇ
1205 2511 1285 2580 βουλῇ
1297 2510 1345 2562 dd-

1050 2606 1133 2664 ξαντα
1152 2602 1316 2670 διεκόμισαν.

1023 2693 1113 2762 παρῆν
1130 2690 1159 2742 δὲ
1186 2687 1231 2740 καὶ
1250 2689 1345 2746 συνεξ-

1023 2781 1123 2849 έφερεν
1150 2773 1233 2829 αὐτὸν
1269 2775 1288 2842 ἥ
1316 2793 1345 2827 τε

1023 2863 1149 2936 γερουσία
1158 2861 1203 2917 καὶ
1220 2863 1237 2930 ἡ
1252 2865 1345 2927 innoc,

1024 2957 1056 3005 αϊ
1069 2972 1098 3006 τε
1116 2951 1241 3022 γυναῖκες
1254 2948 1347 3004 αὐτῶν

1024 3041 1069 3094 καὶ
1098 3042 1128 3094 τὸ
1156 3030 1346 3109 δορυφορικόν,

1024 3133 1053 3182 οἵ
1075 3149 1104 3182 τε
1131 3126 1217 3180 λοιποὶ
1246 3129 1347 3186 πάντες

1024 3218 1060 3277 ὡς
1087 3217 1173 3270 εἰπεῖν
1204 3217 1228 3269 οἱ
1255 3215 1286 3269 ἐν
1314 3216 1349 3284 τῇ

1022 3306 1098 3359 πόλει
1140 3307 1200 3358 τότε
1242 3302 1346 3362 ὄντες.

1024 3393 1082 3448 ἐπεὶ
1100 3394 1130 3446 de
1149 3393 1175 3453 ἐς
1193 3393 1243 3460 τὴν
1255 3393 1347 3462 πυρὰν

1023 3485 1074 3552 τὴν
1087 3483 1167 3555 ἐντῷ
1183 3479 1273 3552 Ἀρείῳ
1296 3497 1348 3534 πε-

1024 3571 1072 3644 δίῳ
1090 3571 1204 3637 inere-‘ln
1222 3569 1315 3634 unu)

384 3928 427 3996 73)
446 3943 478 3982 cx
496 3942 568 3981 anno
588 3927 638 3981 751
658 3926 772 3981 conferri
791 3887 882 3996 potest
901 3925 975 3980 Suet.
996 3924 1057 3979 Tib.
1078 3925 1112 3978 15
1130 3941 1156 3993 p.
1176 3925 1219 3987 93,
1238 3923 1273 3977 33
1286 3939 1346 3993 sqq.

275 4030 335 4068 curn
353 4016 440 4070 Dione
459 4016 501 4081 55,
532 4017 573 4079 13,
601 4016 690 4086 2011).
709 4015 801 4069 Reich.
822 4031 848 4084 p.
868 4016 926 4084 21);
954 4031 986 4068 ex
1004 4029 1074 4068 anno
1103 4013 1154 4068 116
1174 4011 1261 4066 Tacit.
1281 4027 1346 4066 ann.

261 4103 871 4170 ι1,10111111101040131111.44,1.2.
