3086 5086
726 408 943 472 ..46-

416 586 447 652 4.
493 585 630 650 Incertus
665 584 764 650 libelli
801 584 844 648 de
879 583 981 650 viris
1005 583 1242 649 illustribus
1265 584 1304 649 U.
1328 584 1367 650 B.

307 691 438 774 scriptor
470 691 502 756 in
537 690 601 756 vita
625 689 762 756 Caesaris
795 689 957 755 Octaviani
991 688 1071 776 (cap.
1108 690 1163 776 79)
1200 689 1370 756 enarranda

308 817 386 881 quae
408 798 502 863 habet
535 801 583 879 ἐξ.
611 801 638 864 1.
664 800 685 863 2
719 797 765 861 ed.
790 797 871 862 Keil.
909 794 1029 874 ‚Caesar
1060 795 1277 862 Octavianus.
1304 845 1311 860 .
1335 795 1370 860 in

310 905 459 970 ultionem
481 904 559 970 Julii
585 903 722 970 Caesaris
747 954 754 968 .
780 953 787 968 .
813 955 820 970 .
844 903 975 968 Brutum
1001 904 1032 996 et
1055 902 1193 968 Cassium
1218 955 1225 971 .
1251 953 1258 967 .
1282 902 1368 969 vicit.

312 1011 436 1077 Sextum
470 1010 681 1092 Pompeium.
707 1059 714 1072 .
739 1011 817 1074 bona
851 1010 978 1092 paterna
1001 1010 1189 1092 repetentem
1214 1060 1221 1074 .
1247 1059 1255 1075 .
1281 1028 1369 1092 supc-

308 1117 400 1182 ravit‘
436 1117 638 1198 comparanda
673 1118 744 1180 sunt
778 1136 847 1182 cum
879 1115 927 1180 his
951 1115 1087 1199 Ampelii
1109 1118 1162 1196 40,
1187 1119 1209 1180 4
1233 1115 1369 1198 ‚[Caesar

310 1223 470 1308 Augustus
505 1221 621 1286 bellum
645 1222 755 1307 gessit]
791 1225 895 1289 centra
918 1221 1097 1305 Pompeium
1128 1223 1269 1288 iuvenem
1292 1223 1371 1288 bona

309 1333 438 1414 paterna
461 1329 657 1410 repetentem,
694 1348 762 1394 mor
784 1330 929 1395 adversus
952 1327 1091 1394 Cassium
1115 1330 1145 1393 et
1168 1329 1299 1394 Brutum
1338 1329 1371 1392 in

312 1437 460 1501 ultionem
496 1437 672 1521 interempti
706 1437 813 1520 patris‘
850 1437 880 1500 et
915 1455 982 1500 cum
1017 1436 1065 1500 his
1099 1436 1182 1500 Flori
1218 1437 1248 1515 2,
1275 1435 1371 1513 14,3

311 1544 395 1623 ,dum
418 1542 525 1610 Sextus
549 1545 676 1625 paterna
699 1541 812 1626 repetit
836 1542 960 1625 ...⁵³)‚
984 1542 1056 1606 dum
1075 1541 1219 1607 Octavius
1242 1543 1372 1606 mortem

311 1649 409 1732 patris
433 1649 591 1715 ulciscitur
616 1701 622 1714 .
649 1704 656 1718 .
681 1657 700 1714 .‘
726 1649 846 1735 (Florus
870 1649 966 1732 igitur
988 1649 1019 1712 h.
1044 1649 1065 1715 l.
1096 1667 1189 1732 aeque
1212 1665 1373 1732 perperam

311 1758 402 1839 utque
425 1757 584 1840 Ampelius
608 1759 743 1823 ordinem
768 1758 877 1822 horum
900 1755 1026 1820 duorum
1039 1755 1190 1820 bellorum
1213 1753 1372 1837 pervertit,

314 1881 383 1926 eum
407 1865 512 1944 postea
536 1865 616 1929 reete
639 1865 754 1930 bellurn
780 1863 878 1929 Cassii
901 1864 932 1928 et
954 1863 1045 1926 Bruti
1069 1861 1189 1950 (217)
1214 1864 1285 1927 ante
1308 1862 1375 1927 bel-

312 1970 376 2032 lum
412 1989 481 2033 cnm
504 1969 594 2036 Sexto
616 1971 759 2054 Pompeio
795 1970 839 2056 (2,
866 1971 920 2054 18)
950 1968 1084 2054 tradat);
1119 1971 1277 2052 praeterea
1300 1987 1376 2033 auc-

313 2249 427 2304 namque
446 2237 540 2288 notum
559 2239 600 2290 est
616 2236 724 2290 Livium
742 2252 825 2306 nsque
844 2234 879 2288 ad
898 2235 1000 2288 exitum
1013 2237 1086 2288 vitae
1105 2234 1226 2287 historiis
1239 2234 1293 2286 suis
1313 2249 1378 2286 con-

312 2322 433 2378 ficiendis
453 2340 558 2394 operam
577 2323 689 2392 dedisse,
713 2327 755 2379 ita
773 2328 805 2378 ut
823 2325 951 2392 suspicari
979 2325 1062 2378 liceat
1088 2325 1149 2392 post
1176 2322 1233 2376 eius
1260 2323 1376 2376 mortem

313 2411 419 2465 domurn
438 2413 518 2466 finem
538 2415 623 2481 operis
642 2415 671 2466 in
690 2413 775 2466 lucem
799 2411 944 2480 prodiisse;
973 2412 1090 2480 epitoma
1118 2411 1205 2478 igitur
1232 2427 1286 2464 non
1310 2413 1377 2464 ante

314 2517 414 2554 annum
435 2502 486 2555 770
505 2502 547 2554 vel
567 2503 618 2556 771
637 2505 685 2556 aut
713 2502 820 2556 omnino
840 2501 899 2555 ficri
927 2505 974 2555 aut
993 2501 1090 2555 saltem
1117 2501 1190 2554 finiri
1216 2501 1316 2570 potuit.
1346 2515 1378 2554 eo

314 2593 406 2644 autem
424 2592 543 2658 ternpore
571 2591 615 2644 hic
643 2591 675 2646 de
695 2607 745 2662 quo
771 2590 829 2644 dico
858 2591 970 2660 scriptor
997 2589 1026 2642 id
1045 2590 1115 2659 qnod
1133 2588 1202 2659 apud
1221 2589 1329 2642 Florum
1350 2589 1376 2650 2.

313 2680 349 2732 30
368 2665 576 2747 §.381egimus,
596 2681 722 2736 barbaros
736 2679 863 2736 videlicet
879 2679 980 2746 ,adhuc‘
1000 2680 1105 2749 aquilas
1119 2679 1184 2732 dues
1196 2680 1378 2732 Romanorum

315 2767 389 2820 clade
409 2767 526 2822 Variana
545 2774 637 2839 captas
655 2769 797 2840 possidere,
826 2771 894 2824 libro
917 2785 963 2824 suo
982 2769 1092 2822 minime
1119 2771 1226 2837 poterat
1245 2769 1377 2835 ingerere,

315 2873 375 2910 curn
393 2873 446 2911 una
474 2860 565 2928 aquila
585 2877 654 2914 anno
681 2862 734 2914 ianr
762 2861 813 2915 768
841 2858 1029 2914 aGermanici
1056 2857 1148 2925 legato
1175 2858 1205 2913 L.
1235 2855 1377 2916 Stertinio.

315 2947 402 3000 altera
421 2963 491 3000 anno
510 2965 582 3017 sequ.
602 2949 635 3003 ab
655 2949 711 3018 ipso
730 2947 886 3002 Gennanico
913 2949 1069 3016 recuperata
1094 2949 1165 3000 esset
1183 2949 1254 3000 teste
1282 2945 1377 2999 Tacito

316 3051 379 3088 ann.
400 3038 423 3098 1,
443 3037 484 3089 60.
499 3037 523 3100 2,
543 3037 578 3090 25
597 3037 678 3106 (quod
696 3040 840 3106 utrumque
853 3037 904 3090 Dio
917 3037 960 3100 57,
981 3036 1022 3093 18.
1044 3037 1058 3090 1
1077 3036 1148 3088 male
1166 3035 1195 3088 in
1213 3051 1294 3088 unam
1314 3043 1378 3088 ean·

316 3123 429 3193 demque
448 3123 600 3179 Germanici
619 3125 815 3195 expeditionem
835 3156 868 3164 -
886 3143 910 3180 a.
925 3127 976 3180 768
995 3125 1095 3179 factem
1115 3155 1148 3162 -
1166 3123 1277 3186 confert,
1296 3141 1379 3194 quarn

316 3211 402 3266 altero
422 3229 508 3266 errore
527 3230 597 3268 anno
617 3216 667 3269 771
687 3215 804 3285 tribuit).
826 3217 961 3270 —etiam
986 3215 1084 3270 tertiae
1103 3213 1218 3282 legionis
1238 3212 1329 3282 aquila
1348 3213 1381 3266 in

317 3317 411 3356 manus
439 3303 514 3356 venit
544 3304 671 3370 hostium,
699 3309 856 3374 recuperata
884 3305 932 3359 sub
951 3303 1064 3360 Claudio
1089 3303 1195 3356 demum
1214 3302 1333 3370 principe
1354 3319 1379 3356 a.

318 3391 370 3444 794
388 3407 436 3444 sec.
451 3391 530 3446 Dion.
544 3393 586 3458 60,
606 3395 637 3458 83
657 3410 716 3448 curn
736 3395 823 3462 igitur
842 3395 870 3448 in
884 3393 962 3448 Floro
982 3393 1001 3447 l.
1015 3393 1033 3446 l.
1052 3392 1172 3460 legamus
1183 3392 1252 3444 hunc
1265 3391 1382 3444 tertiam

317 3479 436 3548 aquilam
454 3480 567 3536 latuisse
587 3481 741 3549 Germanos,
761 3499 791 3537 eo
810 3484 897 3552 magis
916 3482 1031 3536 adducor
1049 3484 1081 3535 ut
1099 3479 1168 3534 illud
1187 3496 1251 3548 opus
1269 3478 1380 3533 aFlore

317 3567 470 3622 adhibitum
490 3585 568 3638 quarn
588 3569 749 3626 brevissimo¹
763 3575 825 3640 post
844 3571 946 3626 cladem
965 3571 1026 3624 Ver.
1047 3569 1190 3624 interiecto
1215 3569 1310 3637 spatio,
1330 3569 1381 3623 ubi

317 3672 358 3710 res
386 3655 421 3710 ad
445 3657 521 3712 illam
540 3660 707 3727 pertinentes
734 3659 852 3714 nondum
880 3662 1002 3714 accurate
1030 3661 1154 3728 cognitae
1183 3660 1280 3721 essent,
1308 3657 1334 3711 h.
1357 3674 1380 3712 e.

317 3761 388 3799 anno
406 3745 462 3801 fere
481 3748 541 3813 763,
560 3749 737 3818 conscriptum
756 3748 839 3804 fuisse
857 3765 986 3804 censeam.
1005 3749 1083 3803 illam
1101 3747 1202 3802 cladem
1222 3763 1273 3801 non
1292 3747 1381 3801 multe

317 3838 378 3904 post
398 3852 477 3905 quam
496 3837 577 3892 illata
595 3842 637 3893 est
656 3855 672 3892 a
691 3838 870 3908 compluribus
897 3840 952 3893 iam
970 3838 1132 3907 descriptam
1158 3836 1241 3891 fnisse
1260 3838 1383 3890 testatur

318 3923 437 3980 Velleius
457 3927 559 3995 viginti
577 3930 655 3982 annis
673 3932 734 3997 post
752 3946 811 3986 eam
829 3928 947 3984 scribens
966 3931 991 3994 2,
1011 3930 1070 3994 119,
1091 3931 1114 3982 1.

425 4034 470 4105 53)
490 4033 522 4089 cf.
542 4035 625 4090 etiam
643 4035 763 4092 Velleius
781 4039 806 4102 2,
827 4037 868 4102 73,
892 4038 1013 4108 2,qnem
1035 4036 1081 4104 [sc.
1101 4035 1127 4089 S.
1146 4032 1249 4104 Pomp]
1269 4036 1382 4088 senatus

319 4162 325 4174 .
348 4164 353 4174 .
373 4122 402 4176 in
420 4127 533 4192 patema
551 4123 621 4180 bena
640 4125 815 4181 restituerat.
