3086 5086
284 1301 313 1369 1.
359 1298 530 1380 Quaeratur
553 1298 688 1382 primum
710 1301 928 1383 -quatenus
962 1300 1147 1382 comparatis
1169 1299 1266 1373 aliis„

100 1433 102 1437 ’
173 1405 306 1472 testibus
328 1406 386 1471 hac
410 1406 447 1472 de
470 1425 503 1471 re
526 1404 658 1471 iudicari
680 1406 781 1489 potest
805 1443 845 1454 -
870 1407 903 1471 in
926 1407 1075 1490 quantum
1109 1405 1151 1472 ait
1173 1407 1195 1473 J
1202 1425 1241 1472 c·

171 1512 268 1578 anni
301 1512 517 1578 Laurentio
551 1513 661 1598 Lydo
696 1514 729 1578 in
763 1513 807 1579 eis
841 1513 916 1579 fides
939 1513 1080 1580 habenda
1103 1532 1180 1596 quae
1203 1513 1241 1578 de

172 1617 366 1702 imperatoris
391 1617 553 1692 Octaviani
569 1618 707 1703 Augusti
730 1619 795 1686 vita
818 1620 1065 1703 temporibusque
1089 1619 1178 1686 libris
1201 1620 1240 1685 ab

171 1742 207 1790 eo
231 1723 412 1808 conscriptis
436 1725 556 1791 intexta
579 1725 763 1791 invenimus.
787 1727 880 1809 atque
902 1727 1037 1809 primum
1061 1726 1186 1809 quidem
1208 1726 1242 1790 in

170 1831 323 1912 excerptis
358 1851 394 1896 er
416 1831 498 1897 libro
533 1831 571 1897 de
592 1832 750 1898 mensibus
786 1833 817 1912 3,
842 1833 885 1897 39
923 1831 966 1896 in.
990 1833 1065 1898 haec
1088 1832 1240 1916 legimus:

172 1930 221 2000 ὅτι
249 1931 424 2019 Αὔγουστος
445 1935 502 2002 τὸν
524 1933 583 2003 τοῦ
604 1939 802 2022 Σοφοκλέους
816 1941 939 2005 Αἴαντα
961 1937 1003 2012 εἷς
1024 1961 1082 2025 ττγυ
1104 1934 1241 2024 πάτριον

172 2039 283 2128 φωνήν
313 2038 507 2130 μετήνεγκεν·
530 2037 601 2109 εἶτα
630 2039 830 2132 ἀκμαζούσης
853 2039 940 2132 αὐτῷ
966 2041 1049 2128 μετα
1072 2041 1135 2130 Ῑτΐγν
1158 2056 1241 2130 πρα-

169 2145 279 2234 κτικήν
308 2144 438 2234 καὶτῆς
460 2151 495 2214 ἐκ
517 2146 616 2232 λόγων
640 2145 751 2237 οἷρετῆς
773 2146 812 2224 ὡς
835 2147 973 2228 ἀναξίαν
995 2153 1030 2216 ἐκ
1054 2144 1242 2236 παραβολῆς

170 2251 252 2339 πρὸς
274 2255 443 2338 Σοφοκλέα
464 2252 522 2342 τήν
545 2251 666 2320 ἑαυτοῦ
692 2257 870 2338 διεγίνωσκε
891 2258 1087 2343 τραγῳδίαν,
1121 2252 1241 2342 ταύτην

167 2355 346 2448 ἐξήλειψεν.
383 2354 453 2426 εἶτα
485 2363 651 2448 ἐρωτηθεὶς
684 2359 764 2448 πρός
796 2357 857 2428 τοῦ
877 2369 1068 2449 Κικέρωνος,
1104 2357 1182 2448 παρ’
1216 2358 1241 2448 qi

171 2463 255 2549 μετα
277 2461 422 2554 σπουδῆς
443 2463 642 2550 ἐπαιδεύετο,
665 2463 735 2534 ποῦ
747 2459 896 2552 τυγχάνοι
912 2465 929 2533 ὁ
945 2464 1141 2556 γραφόμενος
1164 2468 1241 2541 Αἴας

172 2568 271 2637 αὐτόν
306 2569 437 2647 ἀστείως
471 2567 542 2657 ἅμα
576 2576 629 2639 καὶ
668 2570 822 2657 νουνεχῶς
856 2573 1080 2663 οἶποκρίναθαι
1114 2570 1241 2661 σπόγγφ

153 2676 226 2744 ’τᾶν
261 2673 363 2743 αὑτοῦ
382 2679 513 2745 Αἴαντα
541 2677 695 2767 καθάπερ
729 2677 843 2769 σιδήρῳ
876 2679 932 2746 τόν
965 2677 1025 2747 τοῦ
1044 2682 1242 2767 Σοφοκλέους

170 2790 365 2870 περιπεσεῖν,
402 2785 584 2869 quibuscum
606 2786 640 2850 in
663 2789 839 2853 universum
867 2787 998 2854 conferri
1027 2789 1129 2870 potest
1160 2786 1240 2870 quod

171 2889 333 2956 Suetonius
367 2890 466 2956 tradit
488 2891 571 2977 Aug.
597 2892 640 2958 85
674 2893 726 2957 fin.
751 2913 823 2978 pag.
850 2894 901 2974 75,
926 2895 966 2960 31
978 2913 1042 2977 sqq.
1076 2894 1123 2961 ed.
1147 2894 1238 2959 Roth.

173 2995 375 3082 ,[Augustus]
406 2997 599 3082 tragoediam
624 3017 738 3083 magno
769 2999 887 3083 impetu
909 3018 1031 3065 exorsus
1053 3018 1113 3065 non
1137 3017 1241 3064 succe-

170 3101 257 3166 denti
280 3101 352 3168 stilc
386 3103 521 3169 abolevit
545 3105 819 3188 quaerentibusque
856 3105 964 3172 amicis
987 3105 1137 3189 quidnam
1160 3104 1240 3171 Aiax

169 3209 278 3292 ageret
311 3209 469 3292 respondit
498 3209 626 3276 Aiacem
660 3231 750 3276 suum
784 3212 817 3276 in
851 3231 1017 3297 spongeam
1052 3211 1239 3278 incubuisse‘

170 3315 203 3379 et
224 3314 305 3396 quod
327 3315 503 3382 Macrobius
538 3317 596 3381 sat.
629 3316 659 3397 2,
683 3319 715 3397 ’4,
740 3319 761 3382 2
797 3317 999 3403 ,[Augustus]
1023 3317 1152 3384 Aiacem
1174 3318 1240 3383 tra-

169 3420 314 3503 goediam
338 3421 504 3505 scripserat
527 3422 714 3506 eandemque
744 3425 825 3505 quod
848 3424 909 3490 sibi
933 3425 1141 3508 displicuisset
1157 3423 1240 3491 dele·

170 3527 269 3591 verat.
292 3527 397 3608 postea
419 3528 455 3596 L.
480 3527 593 3594 Varius
622 3529 853 3613 tragoediarum
876 3531 1006 3614 scriptor
1029 3531 1240 3616 interrogabat

171 3649 241 3695 eum
265 3633 338 3714 quid
361 3635 469 3718 ageret
491 3633 572 3700 Aiax
594 3654 676 3701 suus.
701 3637 732 3701 et
755 3637 809 3701 ille
837 3636 888 3716 ,in
910 3643 1094 3722 spongeam“
1138 3636 1240 3720 inquit

174 3737 368 3817 ,incubuit“‘
392 3741 430 3808 cl.
449 3740 534 3807 Suid.
552 3761 580 3809 v.
596 3739 772 3825 Αὔγουστος
787 3749 923 3830 Καῖσαρ.
947 3764 1001 3827 pro
1026 3744 1154 3825 ,amicis‘
1178 3745 1240 3829 igi*

169 3845 223 3909 tur
246 3845 385 3912 Suetonii
407 3846 582 3913 Macrobius
605 3847 640 3916 L.
656 3849 796 3929 Varium,
821 3849 925 3934 Lydus
948 3850 1051 3916 autem
1064 3849 1239 3917 Ciceronem
1354 3889 1356 3894 .

168 3951 266 4034 ponit,
302 3971 393 4034 quem
427 3952 507 4018 falso
541 3952 680 4038 Augusti
713 3957 941 4039 praeceptorem
979 3957 1074 4022 fuisse
1111 3955 1238 4034 statuit3

168 4057 328 4139 praeterea
351 4057 530 4144 Augustum
552 4059 681 4127 Aiacem
701 4061 899 4145 Sophocleum
922 4063 1080 4129 imitatum
1103 4061 1238 4144 quidem,

169 4163 224 4228 sed
236 4182 297 4228 non
308 4165 435 4230 verbum
443 4166 535 4233 verbo
547 4168 782 4250 interpretatum
796 4169 967 4235 reddidisse
974 4167 1120 4236 credibile
1128 4169 1185 4234 est.
1193 4205 1241 4219 -
