<?xml version="1.0" encoding="UTF-8"?>
<!DOCTYPE html PUBLIC "-//W3C//DTD XHTML 1.0 Transitional//EN"
    "http://www.w3.org/TR/xhtml1/DTD/xhtml1-transitional.dtd">
<html xmlns="http://www.w3.org/1999/xhtml" xml:lang="en" lang="en">
 <head>
  <title>
</title>
<meta http-equiv="Content-Type" content="text/html;charset=utf-8" />
  <meta name='ocr-system' content='tesseract 3.04.00' />
  <meta name='ocr-capabilities' content='ocr_page ocr_carea ocr_par ocr_line ocrx_word'/>
</head>
<body>
  <div class='ocr_page' id='page_1' title='image "./descriptoribusr00schrgoog_0025.png"; bbox 0 0 3086 5086; ppageno 0'>
   <div class='ocr_carea' id='block_1_1' title="bbox 776 442 990 508">
    <p class='ocr_par' dir='ltr' id='par_1_1' title="bbox 776 442 990 508">
     <span class='ocr_line' id='line_1_1' title="bbox 776 442 990 508; baseline 0 -20"><span class='ocrx_word' id='word_1_1' title='bbox 776 442 990 508; x_wconf 67' lang='lat'>„20-</span> 
     </span>
    </p>
   </div>
   <div class='ocr_carea' id='block_1_2' title="bbox 320 613 1420 3688">
    <p class='ocr_par' dir='ltr' id='par_1_2' title="bbox 320 609 1420 3688">
     <span class='ocr_line' id='line_1_2' title="bbox 353 613 1420 710; baseline 0.002 -28"><span class='ocrx_word' id='word_1_2' title='bbox 353 623 431 694; x_wconf 82' lang='grc' dir='ltr'><em>ξατο</em></span> <span class='ocrx_word' id='word_1_3' title='bbox 464 618 517 682; x_wconf 80' lang='grc' dir='ltr'>καὶ</span> <span class='ocrx_word' id='word_1_4' title='bbox 550 613 694 706; x_wconf 76' lang='grc' dir='ltr'><strong><em>α’ρχιερέα</em></strong></span> <span class='ocrx_word' id='word_1_5' title='bbox 725 614 797 684; x_wconf 72' lang='lat' dir='ltr'>oduei</span> <span class='ocrx_word' id='word_1_6' title='bbox 831 616 908 692; x_wconf 75' lang='grc' dir='ltr'><strong><em>θεὸς</em></strong></span> <span class='ocrx_word' id='word_1_7' title='bbox 936 614 1164 710; x_wconf 67' lang='grc' dir='ltr'><strong><em>εἰιεμβόλιμος·</em></strong></span> <span class='ocrx_word' id='word_1_8' title='bbox 1181 623 1420 704; x_wconf 78' lang='grc' dir='ltr'><strong><em>προεχειρίσατο</em></strong></span> 
     </span>
     <span class='ocr_line' id='line_1_3' title="bbox 353 717 1415 809; baseline 0 -19"><span class='ocrx_word' id='word_1_9' title='bbox 353 717 478 809; x_wconf 73' lang='grc' dir='ltr'><strong><em>πρῶτον</em></strong></span> <span class='ocrx_word' id='word_1_10' title='bbox 497 719 596 790; x_wconf 72' lang='grc' dir='ltr'><strong><em>αὐτόν</em></strong></span> <span class='ocrx_word' id='word_1_11' title='bbox 618 721 680 790; x_wconf 76' lang='grc' dir='ltr'>τῶν</span> <span class='ocrx_word' id='word_1_12' title='bbox 701 725 805 808; x_wconf 71' lang='grc' dir='ltr'><strong><em>ἱερέων</em></strong></span> <span class='ocrx_word' id='word_1_13' title='bbox 819 720 882 791; x_wconf 76' lang='grc' dir='ltr'>ταῖν</span> <span class='ocrx_word' id='word_1_14' title='bbox 897 721 967 789; x_wconf 81' lang='grc' dir='ltr'><strong><em>τότε</em></strong></span> <span class='ocrx_word' id='word_1_15' title='bbox 992 730 1211 808; x_wconf 75' lang='grc' dir='ltr'><strong><em>νομισθέντων</em></strong></span> <span class='ocrx_word' id='word_1_16' title='bbox 1229 719 1317 790; x_wconf 71' lang='grc' dir='ltr'><strong><em>θεῶν</em></strong></span> <span class='ocrx_word' id='word_1_17' title='bbox 1333 721 1415 790; x_wconf 75' lang='grc' dir='ltr'><em>ἄπο·</em></span> 
     </span>
     <span class='ocr_line' id='line_1_4' title="bbox 353 830 1417 914; baseline 0 -20"><span class='ocrx_word' id='word_1_18' title='bbox 353 832 467 912; x_wconf 73' lang='grc' dir='ltr'><strong><em>δεῖξας.</em></strong></span> <span class='ocrx_word' id='word_1_19' title='bbox 498 831 597 913; x_wconf 89' lang='lat' dir='ltr'>primo</span> <span class='ocrx_word' id='word_1_20' title='bbox 630 831 935 897; x_wconf 86' lang='lat' dir='ltr'>animadvertendum</span> <span class='ocrx_word' id='word_1_21' title='bbox 959 832 1006 896; x_wconf 89' lang='lat' dir='ltr'>est</span> <span class='ocrx_word' id='word_1_22' title='bbox 1027 830 1188 914; x_wconf 85' lang='lat' dir='ltr'>Lepidum,</span> <span class='ocrx_word' id='word_1_23' title='bbox 1212 831 1264 913; x_wconf 91' lang='lat' dir='ltr'>qui</span> <span class='ocrx_word' id='word_1_24' title='bbox 1287 849 1323 895; x_wconf 85' lang='lat' dir='ltr'>er</span> <span class='ocrx_word' id='word_1_25' title='bbox 1346 850 1417 896; x_wconf 89' lang='lat' dir='ltr'>oon-</span> 
     </span>
     <span class='ocr_line' id='line_1_5' title="bbox 353 935 1418 1021; baseline 0.001 -20"><span class='ocrx_word' id='word_1_26' title='bbox 353 935 433 1002; x_wconf 86' lang='lat' dir='ltr'>fecto</span> <span class='ocrx_word' id='word_1_27' title='bbox 455 937 536 1004; x_wconf 91' lang='lat' dir='ltr'>bello</span> <span class='ocrx_word' id='word_1_28' title='bbox 559 937 661 1004; x_wconf 84' lang='lat' dir='ltr'>Siculo</span> <span class='ocrx_word' id='word_1_29' title='bbox 683 937 836 1021; x_wconf 89' lang='lat' dir='ltr'>pontificis</span> <span class='ocrx_word' id='word_1_30' title='bbox 859 937 984 1002; x_wconf 82' lang='lat' dir='ltr'>maximi</span> <span class='ocrx_word' id='word_1_31' title='bbox 1007 956 1131 1002; x_wconf 91' lang='lat' dir='ltr'>munere</span> <span class='ocrx_word' id='word_1_32' title='bbox 1146 937 1279 1020; x_wconf 87' lang='lat' dir='ltr'>fungens</span> <span class='ocrx_word' id='word_1_33' title='bbox 1302 935 1418 1002; x_wconf 81' lang='lat' dir='ltr'>Circeis</span> 
     </span>
     <span class='ocr_line' id='line_1_6' title="bbox 355 1043 1416 1130; baseline -0.001 -22"><span class='ocrx_word' id='word_1_34' title='bbox 355 1043 496 1127; x_wconf 78' lang='lat' dir='ltr'>degebat,</span> <span class='ocrx_word' id='word_1_35' title='bbox 531 1051 611 1110; x_wconf 91' lang='lat' dir='ltr'>anno</span> <span class='ocrx_word' id='word_1_36' title='bbox 647 1045 708 1109; x_wconf 81' lang='lat'>741</span> <span class='ocrx_word' id='word_1_37' title='bbox 745 1045 868 1110; x_wconf 89' lang='lat' dir='ltr'>demum</span> <span class='ocrx_word' id='word_1_38' title='bbox 890 1044 1001 1110; x_wconf 89' lang='lat' dir='ltr'>obiisse</span> <span class='ocrx_word' id='word_1_39' title='bbox 1024 1043 1097 1130; x_wconf 90' lang='lat' dir='ltr'>(Dio</span> <span class='ocrx_word' id='word_1_40' title='bbox 1119 1043 1172 1122; x_wconf 80' lang='lat'>54,</span> <span class='ocrx_word' id='word_1_41' title='bbox 1197 1045 1250 1122; x_wconf 78' lang='lat'>27,</span> <span class='ocrx_word' id='word_1_42' title='bbox 1275 1044 1320 1128; x_wconf 78' lang='lat'>2).</span> <span class='ocrx_word' id='word_1_43' title='bbox 1345 1044 1416 1108; x_wconf 91' lang='lat' dir='ltr'>dein</span> 
     </span>
     <span class='ocr_line' id='line_1_7' title="bbox 354 1148 1416 1233; baseline -0.001 -19"><span class='ocrx_word' id='word_1_44' title='bbox 354 1149 493 1215; x_wconf 78' lang='lat' dir='ltr'>Caesaris</span> <span class='ocrx_word' id='word_1_45' title='bbox 528 1151 622 1215; x_wconf 86' lang='lat' dir='ltr'>sorori</span> <span class='ocrx_word' id='word_1_46' title='bbox 655 1170 714 1232; x_wconf 88' lang='lat' dir='ltr'>qua</span> <span class='ocrx_word' id='word_1_47' title='bbox 749 1150 902 1216; x_wconf 84' lang='lat' dir='ltr'>Antonius</span> <span class='ocrx_word' id='word_1_48' title='bbox 930 1151 1091 1233; x_wconf 90' lang='lat' dir='ltr'>repudiata</span> <span class='ocrx_word' id='word_1_49' title='bbox 1114 1148 1317 1233; x_wconf 50' lang='lat' dir='ltr'>Cleopatram,</span> <span class='ocrx_word' id='word_1_50' title='bbox 1330 1150 1416 1214; x_wconf 86' lang='lat' dir='ltr'>duxit</span> 
     </span>
     <span class='ocr_line' id='line_1_8' title="bbox 353 1257 1416 1339; baseline -0.002 -17"><span class='ocrx_word' id='word_1_51' title='bbox 353 1276 475 1322; x_wconf 80' lang='lat' dir='ltr'>uxorem</span> <span class='ocrx_word' id='word_1_52' title='bbox 497 1277 607 1323; x_wconf 90' lang='lat' dir='ltr'>nomeu</span> <span class='ocrx_word' id='word_1_53' title='bbox 622 1258 683 1321; x_wconf 87' lang='lat' dir='ltr'>fnit</span> <span class='ocrx_word' id='word_1_54' title='bbox 698 1276 757 1321; x_wconf 91' lang='lat' dir='ltr'>non</span> <span class='ocrx_word' id='word_1_55' title='bbox 773 1257 900 1322; x_wconf 82' lang='lat' dir='ltr'>Fuluiae</span> <span class='ocrx_word' id='word_1_56' title='bbox 916 1258 969 1322; x_wconf 90' lang='lat' dir='ltr'>sed</span> <span class='ocrx_word' id='word_1_57' title='bbox 985 1257 1149 1332; x_wconf 85' lang='lat' dir='ltr'>Octauiae;</span> <span class='ocrx_word' id='word_1_58' title='bbox 1173 1276 1304 1322; x_wconf 91' lang='lat' dir='ltr'>errorem</span> <span class='ocrx_word' id='word_1_59' title='bbox 1321 1257 1416 1339; x_wconf 88' lang='lat' dir='ltr'>scrip·</span> 
     </span>
     <span class='ocr_line' id='line_1_9' title="bbox 354 1363 1416 1446; baseline 0 -18"><span class='ocrx_word' id='word_1_60' title='bbox 354 1364 430 1428; x_wconf 89' lang='lat' dir='ltr'>toris</span> <span class='ocrx_word' id='word_1_61' title='bbox 454 1363 526 1428; x_wconf 90' lang='lat' dir='ltr'>inde</span> <span class='ocrx_word' id='word_1_62' title='bbox 548 1363 645 1445; x_wconf 91' lang='lat' dir='ltr'>liquet</span> <span class='ocrx_word' id='word_1_63' title='bbox 667 1364 774 1428; x_wconf 89' lang='lat' dir='ltr'>natum</span> <span class='ocrx_word' id='word_1_64' title='bbox 797 1382 862 1428; x_wconf 90' lang='lat' dir='ltr'>esse</span> <span class='ocrx_word' id='word_1_65' title='bbox 885 1365 964 1445; x_wconf 92' lang='lat' dir='ltr'>quod</span> <span class='ocrx_word' id='word_1_66' title='bbox 979 1363 1122 1432; x_wconf 79' lang='lat' dir='ltr'>Fulviam</span> <span class='ocrx_word' id='word_1_67' title='bbox 1140 1363 1272 1446; x_wconf 85' lang='lat' dir='ltr'><strong>primam</strong></span> <span class='ocrx_word' id='word_1_68' title='bbox 1287 1363 1416 1428; x_wconf 77' lang='lat' dir='ltr'><strong>Antonii</strong></span> 
     </span>
     <span class='ocr_line' id='line_1_10' title="bbox 353 1468 1415 1554; baseline 0.001 -21"><span class='ocrx_word' id='word_1_69' title='bbox 353 1488 474 1534; x_wconf 83' lang='lat' dir='ltr'>uxorem</span> <span class='ocrx_word' id='word_1_70' title='bbox 499 1489 590 1551; x_wconf 90' lang='lat' dir='ltr'>quam</span> <span class='ocrx_word' id='word_1_71' title='bbox 613 1471 740 1534; x_wconf 88' lang='lat' dir='ltr'>eandem</span> <span class='ocrx_word' id='word_1_72' title='bbox 772 1488 843 1552; x_wconf 86' lang='lat' dir='ltr'>prae</span> <span class='ocrx_word' id='word_1_73' title='bbox 867 1468 1039 1553; x_wconf 83' lang='lat' dir='ltr'>-Clecpatra</span> <span class='ocrx_word' id='word_1_74' title='bbox 1071 1470 1247 1554; x_wconf 80' lang='lat' dir='ltr'>neglexerat</span> <span class='ocrx_word' id='word_1_75' title='bbox 1269 1471 1301 1534; x_wconf 91' lang='lat' dir='ltr'>et</span> <span class='ocrx_word' id='word_1_76' title='bbox 1324 1469 1415 1535; x_wconf 87' lang='lat' dir='ltr'>Octa·</span> 
     </span>
     <span class='ocr_line' id='line_1_11' title="bbox 353 1575 1415 1660; baseline 0.001 -21"><span class='ocrx_word' id='word_1_77' title='bbox 353 1575 438 1640; x_wconf 86' lang='lat' dir='ltr'>viani</span> <span class='ocrx_word' id='word_1_78' title='bbox 461 1595 592 1640; x_wconf 90' lang='lat' dir='ltr'>sororem</span> <span class='ocrx_word' id='word_1_79' title='bbox 626 1577 806 1642; x_wconf 88' lang='lat' dir='ltr'>confuderit.</span> <span class='ocrx_word' id='word_1_80' title='bbox 842 1577 909 1640; x_wconf 93' lang='lat' dir='ltr'>tum</span> <span class='ocrx_word' id='word_1_81' title='bbox 943 1595 1012 1640; x_wconf 92' lang='lat' dir='ltr'>cum</span> <span class='ocrx_word' id='word_1_82' title='bbox 1035 1578 1142 1640; x_wconf 90' lang='lat' dir='ltr'>narrat</span> <span class='ocrx_word' id='word_1_83' title='bbox 1164 1577 1342 1660; x_wconf 90' lang='lat' dir='ltr'>Augustum</span> <span class='ocrx_word' id='word_1_84' title='bbox 1366 1577 1415 1641; x_wconf 93' lang='lat' dir='ltr'>dei</span> 
     </span>
     <span class='ocr_line' id='line_1_12' title="bbox 354 1681 1415 1767; baseline 0 -21"><span class='ocrx_word' id='word_1_85' title='bbox 354 1701 462 1748; x_wconf 93' lang='lat' dir='ltr'>nomen</span> <span class='ocrx_word' id='word_1_86' title='bbox 485 1701 655 1766; x_wconf 80' lang='lat' dir='ltr'>usurpasse,</span> <span class='ocrx_word' id='word_1_87' title='bbox 679 1702 805 1767; x_wconf 87' lang='lat' dir='ltr'>gravem</span> <span class='ocrx_word' id='word_1_88' title='bbox 834 1681 951 1747; x_wconf 81' lang='lat' dir='ltr'>labitur</span> <span class='ocrx_word' id='word_1_89' title='bbox 974 1702 1028 1764; x_wconf 89' lang='lat' dir='ltr'>per</span> <span class='ocrx_word' id='word_1_90' title='bbox 1051 1703 1181 1748; x_wconf 89' lang='lat' dir='ltr'>errorem</span> <span class='ocrx_word' id='word_1_91' title='bbox 1205 1683 1242 1748; x_wconf 93' lang='lat' dir='ltr'>de</span> <span class='ocrx_word' id='word_1_92' title='bbox 1266 1703 1323 1766; x_wconf 89' lang='lat' dir='ltr'>quo</span> <span class='ocrx_word' id='word_1_93' title='bbox 1345 1683 1415 1765; x_wconf 90' lang='lat' dir='ltr'>plu-</span> 
     </span>
     <span class='ocr_line' id='line_1_13' title="bbox 320 1787 1415 1880; baseline 0.001 -27"><span class='ocrx_word' id='word_1_94' title='bbox 320 1823 322 1830; x_wconf 95' lang='lat'>·</span> <span class='ocrx_word' id='word_1_95' title='bbox 353 1789 439 1854; x_wconf 89' lang='lat' dir='ltr'>ribus</span> <span class='ocrx_word' id='word_1_96' title='bbox 468 1789 568 1855; x_wconf 90' lang='lat' dir='ltr'>dicere</span> <span class='ocrx_word' id='word_1_97' title='bbox 603 1791 797 1874; x_wconf 87' lang='lat' dir='ltr'>supersedere</span> <span class='ocrx_word' id='word_1_98' title='bbox 830 1789 907 1854; x_wconf 88' lang='lat' dir='ltr'>mihi</span> <span class='ocrx_word' id='word_1_99' title='bbox 941 1789 1044 1854; x_wconf 91' lang='lat' dir='ltr'>videor</span> <span class='ocrx_word' id='word_1_100' title='bbox 1079 1787 1138 1880; x_wconf 41' lang='lat' dir='ltr'>(cf,</span> <span class='ocrx_word' id='word_1_101' title='bbox 1166 1790 1256 1854; x_wconf 92' lang='lat' dir='ltr'>Philo</span> <span class='ocrx_word' id='word_1_102' title='bbox 1290 1791 1351 1873; x_wconf 83' lang='lat' dir='ltr'>leg.</span> <span class='ocrx_word' id='word_1_103' title='bbox 1375 1789 1415 1854; x_wconf 91' lang='lat' dir='ltr'>ad</span> 
     </span>
     <span class='ocr_line' id='line_1_14' title="bbox 355 1892 1416 1984; baseline -0.001 -23"><span class='ocrx_word' id='word_1_104' title='bbox 355 1896 466 1961; x_wconf 86' lang='lat' dir='ltr'>Gaium</span> <span class='ocrx_word' id='word_1_105' title='bbox 490 1898 532 1960; x_wconf 78' lang='lat'>23</span> <span class='ocrx_word' id='word_1_106' title='bbox 554 1893 614 1962; x_wconf 76' lang='grc' dir='ltr'>τοῦ</span> <span class='ocrx_word' id='word_1_107' title='bbox 634 1901 670 1962; x_wconf 76' lang='grc' dir='ltr'>δὲ</span> <span class='ocrx_word' id='word_1_108' title='bbox 692 1895 737 1984; x_wconf 74' lang='grc' dir='ltr'>μή</span> <span class='ocrx_word' id='word_1_109' title='bbox 769 1903 838 1972; x_wconf 80' lang='grc' dir='ltr'><strong><em>ταῖς</em></strong></span> <span class='ocrx_word' id='word_1_110' title='bbox 869 1892 1048 1984; x_wconf 74' lang='grc' dir='ltr'><em>ὑπερόγκοις</em></span> <span class='ocrx_word' id='word_1_111' title='bbox 1069 1901 1173 1980; x_wconf 78' lang='grc' dir='ltr'><em>τιμαῖς</em></span> <span class='ocrx_word' id='word_1_112' title='bbox 1204 1892 1341 1982; x_wconf 66' lang='grc' dir='ltr'><strong><em>δεθῆναι</em></strong></span> <span class='ocrx_word' id='word_1_113' title='bbox 1363 1899 1416 1960; x_wconf 77' lang='grc' dir='ltr'>καὶ</span> 
     </span>
     <span class='ocr_line' id='line_1_15' title="bbox 354 1997 1413 2090; baseline 0 -23"><span class='ocrx_word' id='word_1_114' title='bbox 354 1997 544 2088; x_wconf 77' lang='grc' dir='ltr'><strong><em>φνσηθῆναί</em></strong></span> <span class='ocrx_word' id='word_1_115' title='bbox 563 2029 644 2068; x_wconf 79' lang='grc' dir='ltr'><strong><em>ποτε</em></strong></span> <span class='ocrx_word' id='word_1_116' title='bbox 667 2004 831 2090; x_wconf 84' lang='grc' dir='ltr'><strong><em>[Καίσαρα</em></strong></span> <span class='ocrx_word' id='word_1_117' title='bbox 852 2033 893 2057; x_wconf 92' lang='lat'>=</span> <span class='ocrx_word' id='word_1_118' title='bbox 915 2001 971 2066; x_wconf 81' lang='grc' dir='ltr'>ιόν</span> <span class='ocrx_word' id='word_1_119' title='bbox 993 2001 1171 2086; x_wconf 80' lang='grc' dir='ltr'><strong><em>Σεβαστόν]</em></strong></span> <span class='ocrx_word' id='word_1_120' title='bbox 1195 2008 1300 2077; x_wconf 79' lang='grc' dir='ltr'><strong><em>πίστις</em></strong></span> <span class='ocrx_word' id='word_1_121' title='bbox 1322 2005 1413 2088; x_wconf 83' lang='grc' dir='ltr'><strong><em>ἐναρ-</em></strong></span> 
     </span>
     <span class='ocr_line' id='line_1_16' title="bbox 353 2103 1409 2198; baseline 0.002 -26"><span class='ocrx_word' id='word_1_122' title='bbox 353 2104 485 2195; x_wconf 75' lang='grc' dir='ltr'><strong><em>γεστάιη</em></strong></span> <span class='ocrx_word' id='word_1_123' title='bbox 506 2106 543 2172; x_wconf 80' lang='lat' dir='ltr'>cd</span> <span class='ocrx_word' id='word_1_124' title='bbox 564 2107 608 2194; x_wconf 77' lang='grc' dir='ltr'>μή</span> <span class='ocrx_word' id='word_1_125' title='bbox 630 2103 788 2198; x_wconf 77' lang='grc' dir='ltr'><strong><em>δεσπότην</em></strong></span> <span class='ocrx_word' id='word_1_126' title='bbox 810 2106 887 2198; x_wconf 72' lang='grc' dir='ltr'><strong><em>μήιε</em></strong></span> <span class='ocrx_word' id='word_1_127' title='bbox 909 2107 988 2174; x_wconf 71' lang='grc' dir='ltr'><strong><em>θεὸν</em></strong></span> <span class='ocrx_word' id='word_1_128' title='bbox 1005 2107 1118 2174; x_wconf 78' lang='grc' dir='ltr'><strong><em>ἑαυτὸν</em></strong></span> <span class='ocrx_word' id='word_1_129' title='bbox 1133 2105 1289 2196; x_wconf 71' lang='grc' dir='ltr'><strong><em>ἐθελῆσαι</em></strong></span> <span class='ocrx_word' id='word_1_130' title='bbox 1311 2127 1409 2196; x_wconf 83' lang='grc' dir='ltr'><strong><em>προσ-</em></strong></span> 
     </span>
     <span class='ocr_line' id='line_1_17' title="bbox 355 2211 1417 2303; baseline 0.001 -24"><span class='ocrx_word' id='word_1_131' title='bbox 355 2220 466 2297; x_wconf 83' lang='grc' dir='ltr'><strong><em>ειπεῖν,</em></strong></span> <span class='ocrx_word' id='word_1_132' title='bbox 502 2211 587 2280; x_wconf 67' lang='lat' dir='ltr'>dtus</span> <span class='ocrx_word' id='word_1_133' title='bbox 620 2219 674 2281; x_wconf 81' lang='grc' dir='ltr'>καὶ</span> <span class='ocrx_word' id='word_1_134' title='bbox 696 2213 737 2282; x_wconf 69' lang='grc' dir='ltr'>ἂν</span> <span class='ocrx_word' id='word_1_135' title='bbox 760 2217 788 2282; x_wconf 82' lang='grc' dir='ltr'>εἰ</span> <span class='ocrx_word' id='word_1_136' title='bbox 808 2211 926 2298; x_wconf 69' lang='lat' dir='ltr'>deposed</span> <span class='ocrx_word' id='word_1_137' title='bbox 947 2241 992 2290; x_wconf 83' lang='grc' dir='ltr'>τις</span> <span class='ocrx_word' id='word_1_138' title='bbox 1020 2213 1248 2303; x_wconf 78' lang='grc' dir='ltr'><strong><em>δυσχεραίνειν)</em></strong></span> <span class='ocrx_word' id='word_1_139' title='bbox 1261 2217 1321 2300; x_wconf 75' lang='lat'><strong>¹⁵);</strong></span> <span class='ocrx_word' id='word_1_140' title='bbox 1345 2217 1417 2280; x_wconf 89' lang='lat' dir='ltr'>sub·</span> 
     </span>
     <span class='ocr_line' id='line_1_18' title="bbox 357 2323 1417 2406; baseline -0.001 -19"><span class='ocrx_word' id='word_1_141' title='bbox 357 2323 460 2387; x_wconf 88' lang='lat' dir='ltr'>iuncta</span> <span class='ocrx_word' id='word_1_142' title='bbox 483 2323 587 2388; x_wconf 90' lang='lat' dir='ltr'>antem</span> <span class='ocrx_word' id='word_1_143' title='bbox 611 2323 648 2387; x_wconf 93' lang='lat' dir='ltr'>de</span> <span class='ocrx_word' id='word_1_144' title='bbox 671 2323 794 2406; x_wconf 90' lang='lat' dir='ltr'>templis</span> <span class='ocrx_word' id='word_1_145' title='bbox 822 2324 852 2387; x_wconf 89' lang='lat' dir='ltr'>ei</span> <span class='ocrx_word' id='word_1_146' title='bbox 876 2323 1057 2388; x_wconf 90' lang='lat' dir='ltr'>consecratis</span> <span class='ocrx_word' id='word_1_147' title='bbox 1081 2323 1274 2388; x_wconf 84' lang='lat' dir='ltr'>adnotatione</span> <span class='ocrx_word' id='word_1_148' title='bbox 1297 2325 1329 2386; x_wconf 86' lang='lat' dir='ltr'>in</span> <span class='ocrx_word' id='word_1_149' title='bbox 1352 2341 1417 2386; x_wconf 93' lang='lat' dir='ltr'>me-</span> 
     </span>
     <span class='ocr_line' id='line_1_19' title="bbox 355 2428 1416 2511; baseline 0.001 -20"><span class='ocrx_word' id='word_1_150' title='bbox 355 2428 483 2492; x_wconf 85' lang='lat' dir='ltr'>moriam</span> <span class='ocrx_word' id='word_1_151' title='bbox 506 2431 686 2493; x_wconf 81' lang='lat' dir='ltr'>revocantur</span> <span class='ocrx_word' id='word_1_152' title='bbox 709 2448 744 2494; x_wconf 84' lang='lat' dir='ltr'>ea</span> <span class='ocrx_word' id='word_1_153' title='bbox 767 2447 843 2511; x_wconf 87' lang='lat' dir='ltr'>quae</span> <span class='ocrx_word' id='word_1_154' title='bbox 867 2429 904 2493; x_wconf 91' lang='lat' dir='ltr'>de</span> <span class='ocrx_word' id='word_1_155' title='bbox 926 2430 983 2492; x_wconf 91' lang='lat' dir='ltr'>bac</span> <span class='ocrx_word' id='word_1_156' title='bbox 1005 2449 1038 2493; x_wconf 92' lang='lat' dir='ltr'>re</span> <span class='ocrx_word' id='word_1_157' title='bbox 1062 2429 1207 2494; x_wconf 80' lang='lat' dir='ltr'>Aurelius</span> <span class='ocrx_word' id='word_1_158' title='bbox 1224 2429 1330 2494; x_wconf 87' lang='lat' dir='ltr'>Victor</span> <span class='ocrx_word' id='word_1_159' title='bbox 1353 2430 1416 2494; x_wconf 88' lang='lat' dir='ltr'>ret·</span> 
     </span>
     <span class='ocr_line' id='line_1_20' title="bbox 354 2533 1417 2618; baseline 0.003 -21"><span class='ocrx_word' id='word_1_160' title='bbox 354 2534 468 2598; x_wconf 91' lang='lat' dir='ltr'>tulerat</span> <span class='ocrx_word' id='word_1_161' title='bbox 490 2535 567 2599; x_wconf 89' lang='lat' dir='ltr'>teste</span> <span class='ocrx_word' id='word_1_162' title='bbox 589 2533 689 2600; x_wconf 89' lang='lat' dir='ltr'>libelli</span> <span class='ocrx_word' id='word_1_163' title='bbox 713 2535 749 2600; x_wconf 90' lang='lat' dir='ltr'>de</span> <span class='ocrx_word' id='word_1_164' title='bbox 773 2534 952 2600; x_wconf 81' lang='lat' dir='ltr'>Caesaribus</span> <span class='ocrx_word' id='word_1_165' title='bbox 979 2535 1124 2618; x_wconf 80' lang='lat' dir='ltr'>scriptore</span> <span class='ocrx_word' id='word_1_166' title='bbox 1150 2538 1179 2614; x_wconf 94' lang='lat' dir='ltr'>l,</span> <span class='ocrx_word' id='word_1_167' title='bbox 1204 2537 1224 2601; x_wconf 89' lang='grc'><strong>6</strong></span> <span class='ocrx_word' id='word_1_168' title='bbox 1247 2536 1299 2599; x_wconf 88' lang='lat' dir='ltr'>fin.</span> <span class='ocrx_word' id='word_1_169' title='bbox 1325 2537 1417 2617; x_wconf 83' lang='lat' dir='ltr'>,[Au·</span> 
     </span>
     <span class='ocr_line' id='line_1_21' title="bbox 355 2641 1416 2725; baseline 0.003 -22"><span class='ocrx_word' id='word_1_170' title='bbox 355 2641 459 2724; x_wconf 83' lang='lat' dir='ltr'>gusto]</span> <span class='ocrx_word' id='word_1_171' title='bbox 495 2642 541 2704; x_wconf 92' lang='lat' dir='ltr'>uti</span> <span class='ocrx_word' id='word_1_172' title='bbox 576 2641 629 2706; x_wconf 90' lang='lat' dir='ltr'>deo</span> <span class='ocrx_word' id='word_1_173' title='bbox 664 2642 778 2708; x_wconf 90' lang='lat' dir='ltr'>Romae</span> <span class='ocrx_word' id='word_1_174' title='bbox 795 2643 1032 2724; x_wconf 82' lang='lat' dir='ltr'>&#39;provinciisque</span> <span class='ocrx_word' id='word_1_175' title='bbox 1060 2643 1200 2707; x_wconf 90' lang='lat' dir='ltr'>omnibus</span> <span class='ocrx_word' id='word_1_176' title='bbox 1235 2661 1289 2725; x_wconf 88' lang='lat' dir='ltr'>per</span> <span class='ocrx_word' id='word_1_177' title='bbox 1325 2644 1416 2707; x_wconf 92' lang='lat' dir='ltr'>urbes</span> 
     </span>
     <span class='ocr_line' id='line_1_22' title="bbox 355 2747 1418 2833; baseline 0 -21"><span class='ocrx_word' id='word_1_178' title='bbox 355 2747 567 2813; x_wconf 90' lang='lat' dir='ltr'>celeberrimas</span> <span class='ocrx_word' id='word_1_179' title='bbox 597 2749 666 2814; x_wconf 83' lang='lat' dir='ltr'>vivo</span> <span class='ocrx_word' id='word_1_180' title='bbox 695 2751 869 2832; x_wconf 89' lang='lat' dir='ltr'>mortuoque</span> <span class='ocrx_word' id='word_1_181' title='bbox 899 2749 1208 2832; x_wconf 54' lang='lat' dir='ltr'>templa‘sacerdotes</span> <span class='ocrx_word' id='word_1_182' title='bbox 1232 2752 1263 2814; x_wconf 93' lang='lat' dir='ltr'>et</span> <span class='ocrx_word' id='word_1_183' title='bbox 1286 2749 1418 2833; x_wconf 89' lang='lat' dir='ltr'>collegia</span> 
     </span>
     <span class='ocr_line' id='line_1_23' title="bbox 356 2855 1419 2938; baseline 0.002 -18"><span class='ocrx_word' id='word_1_184' title='bbox 356 2861 521 2920; x_wconf 83' lang='lat' dir='ltr'>sacravere‘</span> <span class='ocrx_word' id='word_1_185' title='bbox 559 2855 597 2920; x_wconf 93' lang='lat' dir='ltr'>cl.</span> <span class='ocrx_word' id='word_1_186' title='bbox 629 2856 701 2938; x_wconf 88' lang='lat' dir='ltr'>epit.</span> <span class='ocrx_word' id='word_1_187' title='bbox 738 2857 766 2934; x_wconf 86' lang='lat'>1,</span> <span class='ocrx_word' id='word_1_188' title='bbox 803 2857 844 2921; x_wconf 81' lang='lat'>28</span> <span class='ocrx_word' id='word_1_189' title='bbox 881 2857 1043 2934; x_wconf 85' lang='lat' dir='ltr'>‚mortuum</span> <span class='ocrx_word' id='word_1_190' title='bbox 1069 2857 1238 2924; x_wconf 84' lang='lat' dir='ltr'>..multis</span> <span class='ocrx_word' id='word_1_191' title='bbox 1269 2856 1419 2938; x_wconf 88' lang='lat' dir='ltr'>novisque</span> 
     </span>
     <span class='ocr_line' id='line_1_24' title="bbox 354 2961 1416 3045; baseline 0.002 -20"><span class='ocrx_word' id='word_1_192' title='bbox 354 2961 518 3027; x_wconf 85' lang='lat' dir='ltr'>honoribus</span> <span class='ocrx_word' id='word_1_193' title='bbox 548 2964 670 3027; x_wconf 89' lang='lat' dir='ltr'>senatus</span> <span class='ocrx_word' id='word_1_194' title='bbox 704 2963 821 3028; x_wconf 90' lang='lat' dir='ltr'>censuit</span> <span class='ocrx_word' id='word_1_195' title='bbox 855 2963 1068 3029; x_wconf 85' lang='lat' dir='ltr'>decorandum.</span> <span class='ocrx_word' id='word_1_196' title='bbox 1103 2981 1175 3026; x_wconf 92' lang='lat' dir='ltr'>nam</span> <span class='ocrx_word' id='word_1_197' title='bbox 1199 3012 1205 3024; x_wconf 96' lang='lat'>.</span> <span class='ocrx_word' id='word_1_198' title='bbox 1232 2964 1416 3045; x_wconf 90' lang='lat' dir='ltr'>..templa</span> 
     </span>
     <span class='ocr_line' id='line_1_25' title="bbox 355 3069 1417 3151; baseline 0.003 -20"><span class='ocrx_word' id='word_1_199' title='bbox 355 3069 421 3131; x_wconf 90' lang='lat' dir='ltr'>tam</span> <span class='ocrx_word' id='word_1_200' title='bbox 443 3069 558 3133; x_wconf 87' lang='lat' dir='ltr'>Romae</span> <span class='ocrx_word' id='word_1_201' title='bbox 581 3087 672 3150; x_wconf 91' lang='lat' dir='ltr'>quam</span> <span class='ocrx_word' id='word_1_202' title='bbox 702 3089 756 3151; x_wconf 88' lang='lat' dir='ltr'>per</span> <span class='ocrx_word' id='word_1_203' title='bbox 785 3071 874 3134; x_wconf 90' lang='lat' dir='ltr'>nrbes</span> <span class='ocrx_word' id='word_1_204' title='bbox 909 3070 1122 3136; x_wconf 89' lang='lat' dir='ltr'>celeberrimas</span> <span class='ocrx_word' id='word_1_205' title='bbox 1157 3071 1185 3134; x_wconf 89' lang='lat' dir='ltr'>ei</span> <span class='ocrx_word' id='word_1_206' title='bbox 1209 3071 1417 3135; x_wconf 79' lang='lat' dir='ltr'>consecrarit.</span> 
     </span>
     <span class='ocr_line' id='line_1_26' title="bbox 355 3157 1418 3260; baseline 0.004 -22"><span class='ocrx_word' id='word_1_207' title='bbox 355 3192 461 3238; x_wconf 90' lang='lat' dir='ltr'>verum</span> <span class='ocrx_word' id='word_1_208' title='bbox 484 3175 607 3256; x_wconf 92' lang='lat' dir='ltr'>quidem</span> <span class='ocrx_word' id='word_1_209' title='bbox 630 3177 676 3240; x_wconf 88' lang='lat' dir='ltr'>est</span> <span class='ocrx_word' id='word_1_210' title='bbox 700 3196 768 3240; x_wconf 90' lang='lat' dir='ltr'>eum</span> <span class='ocrx_word' id='word_1_211' title='bbox 803 3177 918 3258; x_wconf 89' lang='lat' dir='ltr'>templa</span> <span class='ocrx_word' id='word_1_212' title='bbox 952 3195 1079 3260; x_wconf 90' lang='lat' dir='ltr'>arasque</span> <span class='ocrx_word' id='word_1_213' title='bbox 1114 3179 1145 3242; x_wconf 90' lang='lat' dir='ltr'>et</span> <span class='ocrx_word' id='word_1_214' title='bbox 1175 3157 1345 3242; x_wconf 78' lang='lat' dir='ltr'>sacerdotes</span> <span class='ocrx_word' id='word_1_215' title='bbox 1369 3197 1418 3242; x_wconf 88' lang='lat' dir='ltr'>re-</span> 
     </span>
     <span class='ocr_line' id='line_1_27' title="bbox 356 3281 1417 3366; baseline 0.002 -20"><span class='ocrx_word' id='word_1_216' title='bbox 356 3281 470 3363; x_wconf 86' lang='lat' dir='ltr'>cepisse</span> <span class='ocrx_word' id='word_1_217' title='bbox 493 3318 536 3328; x_wconf 93' lang='lat'><em>-</em></span> <span class='ocrx_word' id='word_1_218' title='bbox 560 3284 589 3346; x_wconf 94' lang='lat' dir='ltr'>et</span> <span class='ocrx_word' id='word_1_219' title='bbox 613 3302 672 3348; x_wconf 91' lang='lat' dir='ltr'>non</span> <span class='ocrx_word' id='word_1_220' title='bbox 701 3284 855 3348; x_wconf 90' lang='lat' dir='ltr'>mortuum</span> <span class='ocrx_word' id='word_1_221' title='bbox 878 3285 975 3364; x_wconf 93' lang='lat' dir='ltr'>modo,</span> <span class='ocrx_word' id='word_1_222' title='bbox 1001 3285 1081 3350; x_wconf 89' lang='lat' dir='ltr'>sicut</span> <span class='ocrx_word' id='word_1_223' title='bbox 1104 3283 1244 3366; x_wconf 90' lang='lat' dir='ltr'>scriptori</span> <span class='ocrx_word' id='word_1_224' title='bbox 1267 3283 1369 3351; x_wconf 89' lang='lat' dir='ltr'>ultim.</span> <span class='ocrx_word' id='word_1_225' title='bbox 1393 3284 1417 3364; x_wconf 86' lang='lat' dir='ltr'>l.</span> 
     </span>
     <span class='ocr_line' id='line_1_28' title="bbox 355 3387 1419 3473; baseline 0.002 -21"><span class='ocrx_word' id='word_1_226' title='bbox 355 3387 450 3452; x_wconf 88' lang='lat' dir='ltr'>allato</span> <span class='ocrx_word' id='word_1_227' title='bbox 474 3389 603 3467; x_wconf 84' lang='lat' dir='ltr'>videtur,</span> <span class='ocrx_word' id='word_1_228' title='bbox 638 3390 690 3454; x_wconf 91' lang='lat' dir='ltr'>sed</span> <span class='ocrx_word' id='word_1_229' title='bbox 725 3390 818 3456; x_wconf 88' lang='lat' dir='ltr'>etiam</span> <span class='ocrx_word' id='word_1_230' title='bbox 854 3391 953 3456; x_wconf 93' lang='lat' dir='ltr'>adhuc</span> <span class='ocrx_word' id='word_1_231' title='bbox 978 3393 1084 3473; x_wconf 15' lang='lat' dir='ltr'>,vivum</span> <span class='ocrx_word' id='word_1_232' title='bbox 1109 3391 1148 3456; x_wconf 82' lang='lat' dir='ltr'>cf.</span> <span class='ocrx_word' id='word_1_233' title='bbox 1173 3391 1328 3456; x_wconf 89' lang='lat' dir='ltr'>decretum</span> <span class='ocrx_word' id='word_1_234' title='bbox 1351 3391 1419 3454; x_wconf 85' lang='lat' dir='ltr'>Au-</span> 
     </span>
     <span class='ocr_line' id='line_1_29' title="bbox 356 3495 1418 3581; baseline 0.004 -23"><span class='ocrx_word' id='word_1_235' title='bbox 356 3495 440 3578; x_wconf 87' lang='lat' dir='ltr'>gusti</span> <span class='ocrx_word' id='word_1_236' title='bbox 463 3496 543 3576; x_wconf 90' lang='lat' dir='ltr'>apud</span> <span class='ocrx_word' id='word_1_237' title='bbox 566 3497 732 3578; x_wconf 84' lang='lat' dir='ltr'>Josepbum</span> <span class='ocrx_word' id='word_1_238' title='bbox 755 3499 818 3560; x_wconf 90' lang='lat' dir='ltr'>ant.</span> <span class='ocrx_word' id='word_1_239' title='bbox 845 3499 896 3577; x_wconf 89' lang='grc'>16,</span> <span class='ocrx_word' id='word_1_240' title='bbox 914 3500 944 3574; x_wconf 85' lang='grc'>6,</span> <span class='ocrx_word' id='word_1_241' title='bbox 963 3499 983 3562; x_wconf 81' lang='lat'><strong>2</strong></span> <span class='ocrx_word' id='word_1_242' title='bbox 1006 3497 1057 3581; x_wconf 87' lang='lat' dir='ltr'>(de</span> <span class='ocrx_word' id='word_1_243' title='bbox 1073 3517 1131 3579; x_wconf 90' lang='lat' dir='ltr'>quo</span> <span class='ocrx_word' id='word_1_244' title='bbox 1147 3497 1266 3561; x_wconf 84' lang='lat' dir='ltr'>lococf.</span> <span class='ocrx_word' id='word_1_245' title='bbox 1283 3497 1418 3562; x_wconf 90' lang='lat' dir='ltr'>Momm-</span> 
     </span>
     <span class='ocr_line' id='line_1_30' title="bbox 356 3601 1418 3688; baseline 0.004 -24"><span class='ocrx_word' id='word_1_246' title='bbox 356 3620 418 3666; x_wconf 89' lang='lat' dir='ltr'>sen.</span> <span class='ocrx_word' id='word_1_247' title='bbox 441 3601 473 3664; x_wconf 89' lang='lat' dir='ltr'>in</span> <span class='ocrx_word' id='word_1_248' title='bbox 497 3605 692 3670; x_wconf 89' lang='lat' dir='ltr'>commentar.</span> <span class='ocrx_word' id='word_1_249' title='bbox 717 3622 797 3669; x_wconf 90' lang='lat' dir='ltr'>mon.</span> <span class='ocrx_word' id='word_1_250' title='bbox 820 3601 933 3686; x_wconf 78' lang='lat' dir='ltr'>Ancyr.</span> <span class='ocrx_word' id='word_1_251' title='bbox 955 3623 985 3684; x_wconf 85' lang='lat' dir='ltr'>p.</span> <span class='ocrx_word' id='word_1_252' title='bbox 1000 3603 1093 3666; x_wconf 72' lang='lat' dir='ltr'>Vl-in</span> <span class='ocrx_word' id='word_1_253' title='bbox 1107 3603 1205 3688; x_wconf 83' lang='lat' dir='ltr'>adn.)</span> <span class='ocrx_word' id='word_1_254' title='bbox 1228 3603 1328 3669; x_wconf 87' lang='lat' dir='ltr'>Nicol.</span> <span class='ocrx_word' id='word_1_255' title='bbox 1352 3603 1418 3668; x_wconf 90' lang='lat' dir='ltr'>Da-</span> 
     </span>
    </p>
   </div>
   <div class='ocr_carea' id='block_1_3' title="bbox 354 3796 1419 4225">
    <p class='ocr_par' dir='ltr' id='par_1_3' title="bbox 354 3796 1419 4225">
     <span class='ocr_line' id='line_1_31' title="bbox 462 3796 1419 3867; baseline 0.002 -18"><span class='ocrx_word' id='word_1_256' title='bbox 462 3797 507 3866; x_wconf 82' lang='lat'>15)</span> <span class='ocrx_word' id='word_1_257' title='bbox 527 3796 597 3866; x_wconf 89' lang='lat' dir='ltr'>quod</span> <span class='ocrx_word' id='word_1_258' title='bbox 609 3798 681 3852; x_wconf 91' lang='lat' dir='ltr'>enim</span> <span class='ocrx_word' id='word_1_259' title='bbox 699 3801 795 3866; x_wconf 87' lang='lat' dir='ltr'>poetae</span> <span class='ocrx_word' id='word_1_260' title='bbox 807 3796 850 3852; x_wconf 87' lang='lat' dir='ltr'>vel</span> <span class='ocrx_word' id='word_1_261' title='bbox 868 3797 918 3852; x_wconf 87' lang='lat' dir='ltr'>alii</span> <span class='ocrx_word' id='word_1_262' title='bbox 935 3798 1036 3867; x_wconf 87' lang='lat' dir='ltr'>privati</span> <span class='ocrx_word' id='word_1_263' title='bbox 1055 3799 1082 3852; x_wconf 91' lang='lat' dir='ltr'>ei</span> <span class='ocrx_word' id='word_1_264' title='bbox 1099 3798 1148 3852; x_wconf 87' lang='lat' dir='ltr'>hoc</span> <span class='ocrx_word' id='word_1_265' title='bbox 1166 3814 1262 3852; x_wconf 90' lang='lat' dir='ltr'>nomen</span> <span class='ocrx_word' id='word_1_266' title='bbox 1275 3797 1419 3852; x_wconf 86' lang='lat' dir='ltr'>adulantes</span> 
     </span>
     <span class='ocr_line' id='line_1_32' title="bbox 355 3883 1418 3956; baseline 0.003 -19"><span class='ocrx_word' id='word_1_267' title='bbox 355 3883 513 3939; x_wconf 87' lang='lat' dir='ltr'>indiderunt</span> <span class='ocrx_word' id='word_1_268' title='bbox 530 3885 582 3939; x_wconf 87' lang='lat' dir='ltr'>huc</span> <span class='ocrx_word' id='word_1_269' title='bbox 599 3903 653 3940; x_wconf 91' lang='lat' dir='ltr'>non</span> <span class='ocrx_word' id='word_1_270' title='bbox 671 3888 792 3956; x_wconf 85' lang='lat' dir='ltr'>pertinet</span> <span class='ocrx_word' id='word_1_271' title='bbox 810 3885 843 3941; x_wconf 86' lang='lat' dir='ltr'>ci.</span> <span class='ocrx_word' id='word_1_272' title='bbox 862 3886 1018 3942; x_wconf 85' lang='lat' dir='ltr'>Mommsen.</span> <span class='ocrx_word' id='word_1_273' title='bbox 1037 3886 1088 3942; x_wconf 89' lang='lat'>1.1.</span> <span class='ocrx_word' id='word_1_274' title='bbox 1107 3889 1132 3952; x_wconf 78' lang='lat'>2,</span> <span class='ocrx_word' id='word_1_275' title='bbox 1153 3888 1204 3942; x_wconf 78' lang='grc'>719</span> <span class='ocrx_word' id='word_1_276' title='bbox 1222 3887 1252 3940; x_wconf 90' lang='lat' dir='ltr'>in</span> <span class='ocrx_word' id='word_1_277' title='bbox 1268 3885 1329 3940; x_wconf 91' lang='lat' dir='ltr'>adn.</span> <span class='ocrx_word' id='word_1_278' title='bbox 1341 3886 1368 3942; x_wconf 88' lang='lat'>4.</span> <span class='ocrx_word' id='word_1_279' title='bbox 1382 3917 1418 3926; x_wconf 87' lang='lat'>—-</span> 
     </span>
     <span class='ocr_line' id='line_1_33' title="bbox 355 3973 1419 4048; baseline 0.002 -21"><span class='ocrx_word' id='word_1_280' title='bbox 355 3973 486 4043; x_wconf 79' lang='lat' dir='ltr'>Aegyptii</span> <span class='ocrx_word' id='word_1_281' title='bbox 495 3975 588 4028; x_wconf 90' lang='lat' dir='ltr'>tamen</span> <span class='ocrx_word' id='word_1_282' title='bbox 598 3977 623 4029; x_wconf 91' lang='lat' dir='ltr'>ei</span> <span class='ocrx_word' id='word_1_283' title='bbox 636 3975 679 4030; x_wconf 90' lang='lat' dir='ltr'>dei</span> <span class='ocrx_word' id='word_1_284' title='bbox 691 3992 788 4030; x_wconf 91' lang='lat' dir='ltr'>nomen</span> <span class='ocrx_word' id='word_1_285' title='bbox 798 3975 980 4033; x_wconf 86' lang='lat' dir='ltr'>decreverunt.</span> <span class='ocrx_word' id='word_1_286' title='bbox 1004 3975 1099 4032; x_wconf 82' lang='lat' dir='ltr'>Graeci</span> <span class='ocrx_word' id='word_1_287' title='bbox 1109 3992 1213 4048; x_wconf 89' lang='lat' dir='ltr'>quoque</span> <span class='ocrx_word' id='word_1_288' title='bbox 1226 3991 1419 4044; x_wconf 87' lang='lat' dir='ltr'>nonnunquam</span> 
     </span>
     <span class='ocr_line' id='line_1_34' title="bbox 356 4063 1418 4135; baseline 0.004 -20"><span class='ocrx_word' id='word_1_289' title='bbox 356 4079 417 4116; x_wconf 91' lang='lat' dir='ltr'>eum</span> <span class='ocrx_word' id='word_1_290' title='bbox 435 4063 476 4116; x_wconf 87' lang='lat' dir='ltr'>ita</span> <span class='ocrx_word' id='word_1_291' title='bbox 494 4063 677 4132; x_wconf 83' lang='lat' dir='ltr'>appellabant,</span> <span class='ocrx_word' id='word_1_292' title='bbox 695 4067 727 4120; x_wconf 92' lang='lat' dir='ltr'>ut</span> <span class='ocrx_word' id='word_1_293' title='bbox 745 4065 775 4120; x_wconf 92' lang='lat' dir='ltr'>in</span> <span class='ocrx_word' id='word_1_294' title='bbox 793 4065 972 4135; x_wconf 86' lang='lat' dir='ltr'>compluribus</span> <span class='ocrx_word' id='word_1_295' title='bbox 990 4066 1106 4119; x_wconf 90' lang='lat' dir='ltr'>nummis</span> <span class='ocrx_word' id='word_1_296' title='bbox 1121 4065 1295 4133; x_wconf 86' lang='lat' dir='ltr'>Pergamenis</span> <span class='ocrx_word' id='word_1_297' title='bbox 1314 4064 1418 4132; x_wconf 87' lang='lat' dir='ltr'>legitur</span> 
     </span>
     <span class='ocr_line' id='line_1_35' title="bbox 354 4153 822 4225; baseline 0.021 -24"><span class='ocrx_word' id='word_1_298' title='bbox 354 4153 425 4204; x_wconf 69' lang='grc' dir='ltr'><strong><em>θεὸν</em></strong></span> <span class='ocrx_word' id='word_1_299' title='bbox 442 4153 575 4221; x_wconf 77' lang='grc' dir='ltr'><strong><em>Σεβαστὸν</em></strong></span> <span class='ocrx_word' id='word_1_300' title='bbox 592 4153 686 4222; x_wconf 78' lang='lat' dir='ltr'>(Eokh.</span> <span class='ocrx_word' id='word_1_301' title='bbox 706 4156 731 4220; x_wconf 81' lang='lat'>6,</span> <span class='ocrx_word' id='word_1_302' title='bbox 750 4155 822 4225; x_wconf 87' lang='lat'>101).</span> 
     </span>
    </p>
   </div>
   <div class='ocr_carea' id='block_1_4' title="bbox 0 0 1548 5086">
    <p class='ocr_par' dir='ltr' id='par_1_4' title="bbox 0 0 1548 5086">
     <span class='ocr_line' id='line_1_36' title="bbox 0 0 1548 5086; baseline 0 0"><span class='ocrx_word' id='word_1_303' title='bbox 0 0 1548 5086; x_wconf 95' lang='lat' dir='ltr'> </span> 
     </span>
    </p>
   </div>
  </div>
 </body>
</html>
