3086 5086
581 439 794 506 ...23-

155 621 233 702 χεῖν,
267 618 446 701 quibuscum
470 617 509 682 ol.
535 618 566 696 2,
591 618 611 684 6
634 637 664 701 p.
697 617 771 698 171,
797 618 814 680 1
839 615 951 703 sq.1⁸),
987 618 1116 701 scriptor
1136 619 1216 706 quod

156 726 323 808 imperator
346 723 565 792 Constantinus
596 724 718 790 demum
749 723 886 790 instituit
907 723 988 789 male
1011 722 1133 790 Caesari
1154 726 1215 794 iam

156 830 221 896 filio
242 831 353 896 tribuit
386 831 448 900 vid.
482 831 664 896 Mommsen.
702 831 861 910 2,1029;
894 831 1057 912 praefectis
1087 832 1216 916 denique

156 938 307 1021 praetorio
339 938 565 1022 Augustalibus
599 938 732 1002 inditum
767 957 831 1002 osse
864 955 974 1002 nomen
1008 937 1090 1002 solus
1113 938 1216 1022 Lydus

155 1045 279 1110 narrat:
309 1045 479 1126 praefectos
502 1045 639 1129 Aegypti
661 1045 707 1110 ita
729 1044 851 1109 vocatos
874 1062 939 1110 esse
962 1044 1137 1109 constater
1159 1044 1217 1110 Ul-

155 1151 246 1234 piano
260 1149 335 1234 Dig.
355 1152 383 1228 1,
403 1148 531 1216 17061.
551 1156 579 1230 l,
597 1153 638 1217 37
655 1149 799 1237 1161619
822 1171 852 1234 p.
877 1151 952 1230 224,
978 1154 1019 1216 10
1035 1171 1117 1235 sqq.;
1140 1152 1217 1218 alios

154 1277 260 1322 rursus
283 1256 471 1341 Augustales
494 1258 584 1323 affort
606 1257 756 1342 Vegetius
781 1259 811 1336 2,
849 1259 866 1322 1
892 1257 1050 1337 ‚ordinarii
1073 1257 1217 1324 dicuntur

156 1365 209 1447 qui
231 1364 264 1427 in
279 1363 402 1447 proelio,
426 1364 497 1447 quia
513 1365 606 1446 primi
629 1365 711 1443 sunt,
735 1365 856 1429 ordines
872 1364 996 1430 ducunt.
1028 1365 1217 1449 Augustales

156 1471 351 1554 appellantur
386 1471 438 1553 qui
472 1471 510 1537 ab
544 1472 686 1555 Augusto
719 1471 882 1538 ordinariis
915 1471 1013 1536 iuncti
1046 1473 1138 1537 sunt‘.
1173 1507 1217 1519 -

155 1579 189 1644 in
211 1579 346 1644 extremo
368 1577 499 1662 denique
522 1579 621 1662 capite
636 1577 711 1646 haec
726 1578 804 1646 facit
823 1579 931 1644 verba:
955 1573 1055 1665 ἠπίως
1077 1581 1114 1644 δὲ
1134 1573 1218 1664 ὅμως
1252 1573 1255 1583 “

154 1681 309 1773 ἐχρήσατο
341 1689 405 1758 τοϊς
438 1681 596 1783 ingenious·
630 1681 711 1752 ὥστε
744 1684 816 1760 τούς
847 1682 1014 1769 Ῥωμαίους
1041 1685 1143 1752 εἰπεῖν
1164 1681 1218 1751 ἐπ’

156 1787 246 1880 αὐτῷ
265 1787 308 1880 νῇ
328 1799 451 1880 πατρίῳ
473 1789 566 1881 φωνῇ
585 1793 704 1858 utinam
729 1813 783 1858 nec
804 1794 894 1858 natus
909 1811 965 1858 666
980 1793 1119 1858 mortuus
1140 1793 1217 1858 fuis-

157 1899 220 1964 set!
244 1895 425 1987 ἆπηὺχοντο
457 1897 516 1987 γάρ
543 1895 722 1987 661τοῦ6616
744 1909 863 1982 ycocrv
895 1894 942 1964 ὅτι
964 1896 1061 1983 μόνος
1082 1895 1219 1987 ἐστήριξε

155 2002 213 2092 τήν
235 1999 297 2070 τῶν
320 2001 489 2092 Καισάρων
512 2003 688 2092 ἡγεμονίαν,
712 2009 765 2071 καὶ
788 2003 901 2089 ὁμοίως
914 2003 973 2094 τήν
994 2004 1141 2094 τελευτήν
1163 2003 1219 2071 deci

153 2109 192 2178 co
214 2108 310 2199 ἤπιον
339 2107 410 2196 ἅμα
431 2115 484 2178 καὶ
513 2111 550 2178 ao
579 2107 641 2178 τῶν
663 2115 825 2198 ἐμφυλίων
847 2109 989 2179 στάσεων
1012 2109 1217 2201 acroamate·

156 2215 231 2284 οὐδὲ
253 2217 311 2306 γοὶρ
325 2214 393 2302 μετ’
415 2216 512 2285 αὐτόν
533 2215 684 2303 ἐμφύλιος
699 2215 832 2306 deripis]
854 2214 1001 2302 πόλεμος.
1023 2201 1218 2297 {clementiae

157 2324 386 2407 ciuilitatisque
408 2324 585 2414 (Octaviani
618 2326 755 2408 exempla
789 2324 958 2408 compluria
988 2344 1022 2390 er
1045 2325 1164 2408 ,multis
1187 2325 1219 2390 61

155 2432 295 2515 magnis‘·
319 2433 510 2515 persequitur
533 2432 694 2498 Suetonius
723 2433 804 2517 Aug.
829 2433 928 2515 capite
952 2431 993 2496 51
1019 2451 1053 2497 er
1076 2451 1134 2516 quo
1156 2432 1218 2498 for·

156 2540 238 2604 tasse
261 2558 316 2604 sua
329 2539 419 2608 *duxit
433 2540 539 2606 Victor
555 2539 637 2622 apud
657 2539 818 2621 scriptores
834 2537 999 2604 Caesarum
1019 2541 1046 2618 1,
1062 2541 1085 2604 4
1108 2559 1218 2618 ‚mores

156 2645 264 2712 civiles
286 2646 449 2729 lepidique‘
474 2649 505 2710 61
520 2645 669 2728 epitomae
688 2649 716 2724 1,
734 2647 776 2711 20
798 2645 868 2725 ,1611
891 2645 977 2710 mitis
994 2647 1101 2730 gratus
1118 2645 1219 2711 civilis

156 2753 253 2820 animi
269 2753 300 2818 61
316 2753 421 2836 lepidi‘
438 2753 477 2818 el.
494 2753 523 2836 ᾗ,
543 2753 583 2818 15
609 2768 694 2835 ‚erga
717 2753 798 2819 61666
821 2752 1058 2818 clementissime
1081 2755 1219 2819 vorsatus

156 2861 231 2938 est‘3
248 2859 287 2926 cf.
306 2859 421 2926 Seneca
438 2861 475 2926 de
491 2861 578 2926 clem.
600 2863 627 2938 1,
649 2862 701 2925 105
717 2860 829 2924 ultima
843 2859 946 2924 autem
962 2860 1055 2924 verba
1066 2859 1168 2943 Lydus
1185 2879 1220 2924 er

157 2967 289 3048 epitoma
304 2966 392 3032 modo
408 2967 491 3032 diota
515 2967 716 3048 desumpsisse
740 2966 893 3049 putandus
909 2967 955 3032 est
968 2965 1026 3052 19);
1044 2965 1097 3032 ubi
1122 2968 1150 3045 1,
1175 2967 1218 3032 28

157 3073 209 3139 lin.
223 3073 276 3140 29.
289 3075 331 3140 30
347 3075 388 3140 in.
407 3074 588 3140 exhibentur
601 3074 676 3139 haec
692 3123 714 3152 ‚.
732 3123 739 3136 .
758 3122 766 3138 .
783 3072 901 3140 cunctis
913 3073 1070 3158 [Augusto
1085 3075 1219 3160 mortuo]

158 3179 250 3264 uulgo
262 3181 448 3246 iactantibus
465 3181 603 3260 „utinam
615 3183 670 3245 ant
685 3199 745 3246 non
757 3181 932 3246 nasceretur
947 3182 1002 3244 aut
1017 3199 1077 3246 non
1088 3199 1220 3246 morere·

156 3288 242 3351 tur!“
262 3288 392 3352 alterum
408 3288 534 3370 pessimi
554 3288 680 3370 incepti,
704 3289 802 3354 exitus
817 3287 966 3370 praeclari
981 3273 1123 3352 alterum.
1147 3306 1220 3354 nam

158 3393 189 3458 61
207 3395 239 3457 16
262 3394 459 3476 adipiscendo
480 3394 656 3478 principatu
678 3413 835 3478 oppressor
853 3392 1008 3458 libertatis
1028 3394 1075 3458 661
1095 3393 1220 3459 habitus

159 3501 191 3563 61
212 3500 244 3563 16
268 3501 400 3584 gerendo
431 3502 512 3567 cives
536 3501 580 3567 sio
603 3501 719 3568 amavit
741 3502 777 3566 ut
799 3499 896 3566 tridui
918 3501 1073 3565 frumento
1094 3500 1128 3564 in
1150 3501 1220 3566 hor-

158 3605 219 3670 reis
242 3609 391 3688 quondam
426 3609 491 3674 viso
525 3609 684 3676 statuisset
718 3627 832 3675 666666
868 3605 944 3672 mori
975 3607 1001 3672 si
1025 3627 1040 3673 e
1064 3607 1243 3690 prouincia¹

262 3803 314 3869 18)
333 3801 404 3874 qnod
422 3802 471 3857 hoc
489 3803 546 3857 loco
574 3800 652 3856 addit
678 3802 842 3872 praelectum
872 3803 958 3870 praet.
977 3799 1100 3854 omnibus
1118 3815 1221 3872 quoquc

158 3891 241 3962 copiis
259 3891 406 3962 praefuisse
424 3891 588 3948 refutatione
606 3909 661 3946 non
680 3895 751 3961 eget.

264 3981 309 4052 19)
328 3982 357 4036 16
375 3997 490 4036 errorem
508 3981 596 4052 igitur
613 3981 695 4036 irruit
713 3980 866 4036 Sohultnius
884 3979 903 4033 l.
916 3979 935 4034 l.
951 3995 976 4048 p.
997 3980 1030 4033 14
1049 3979 1095 4048 qui
1113 3980 1220 4046 practer

157 4069 245 4124 locum
272 4071 369 4126 statim
396 4069 559 4126 afferendum
584 4085 656 4138 mag.
675 4071 700 4136 3,
730 4070 745 4123 7
772 4087 806 4126 66
831 4068 973 4123 minimum
1003 4066 1112 4137 quidem
1138 4069 1222 4136 putat

158 4147 304 4228 uestigium
323 4176 381 4216 6666
399 4157 504 4214 Aurelii
522 4159 640 4214 Victoris
659 4175 675 4213 6
693 4157 768 4229 Lydo
787 4157 822 4214 ad
839 4159 930 4227 partes
947 4157 1044 4210 vocati.
