3086 5086
555 439 768 504 ..19-

129 615 318 698 eompertum
340 615 467 682 haberet
486 615 542 684 hee
566 635 675 682 nomeu
689 636 743 700 pro
765 615 858 684 Atiae
871 619 1016 702 posuisse.
1039 620 1191 704 postremo

128 720 253 787 ποια
275 739 392 805 quoque
414 721 486 790 chit.
512 723 532 788 a
555 701 627 789 nte.
652 725 695 790 29
718 743 763 808 sq.
787 725 862 792 haee
883 725 993 792 hauet:

220 825 395 912 Αὔγουστος
417 824 599 906 Ὀκταούϊος
620 826 733 918 Ῥώμης
754 826 877 918 κρατῶν
898 830 941 898 τά
955 827 1102 920 σκῆπτρα

219 931 351 1023 άνεψιύς
372 929 415 1002 ιύν
438 941 597 1024 Καίσαρος
620 944 650 1002 Γ
646 942 718 1002 αίου
738 933 877 1005 Ἰουλίου.
903 973 944 986 ·-

132 1043 206 1108 dein
228 1042 280 1108 vix
302 1061 424 1108 munere
446 1060 567 1108 neeesse
582 1043 629 1108 est
651 1043 729 1108 falso
751 1042 888 1128 Augusti
910 1045 1075 1112 modestiae
1097 1045 1194 1114 tribui

131 1147 212 1232 quod
235 1148 324 1214 divus
347 1148 562 1232 potiusquam
586 1149 659 1214 deus
683 1150 831 1232 appellari
855 1152 1001 1218 voluerit:
1026 1172 1095 1218 eum
1119 1153 1193 1219 Divi

130 1273 298 1339 cognomen
320 1253 510 1338 principibus
532 1257 745 1340 postmortem
769 1257 891 1322 demum
908 1259 1119 1326 decerneretur
1131 1257 1192 1347 14);

128 1364 266 1428 ueterum
288 1362 389 1427 eidem
412 1362 506 1428 errori
536 1363 681 1428 obnoxius
713 1365 760 1428 est
781 1365 911 1447 scriptor
933 1365 1035 1431 libelli
1058 1365 1096 1430 de
1117 1366 1193 1432 viris

130 1467 304 1534 illustribus
328 1467 366 1536 U.
389 1469 427 1534 n.
454 1469 494 1534 79
518 1468 569 1537 fin.
594 1469 698 1546 dicens
720 1469 758 1536 de
781 1469 949 1537 Octaviano
973 1489 1002 1550 ‚a
1024 1473 1132 1538 senatu
1155 1473 1192 1538 eb

130 1594 179 1640 res
202 1576 306 1659 gestas
336 1575 434 1642 Divus
464 1575 624 1660 Augustus
658 1577 706 1642 est
740 1578 931 1660 appellatas
967 1598 1062 1662 neque
1091 1579 1193 1644 minus

129 1700 224 1764 prava
247 1683 294 1746 est
316 1699 351 1746 ea
373 1682 475 1764 opinio
508 1701 544 1748 ex
578 1683 691 1766 quaet
724 1683 885 1768 Augustus
920 1685 1037 1769 primus
1068 1688 1194 1752 vocatus

128 1786 173 1852 sit
195 1787 293 1854 Divus
317 1825 358 1834 -
382 1789 461 1871 quod
484 1789 517 1854 in
540 1787 698 1855 caesarem
721 1791 822 1872 petius
838 1791 1019 1858 dictatorem
1043 1794 1127 1858 eadit
1151 1829 1191 1840 -

131 1896 164 1958 et
186 1894 367 1960 omnibus
391 1897 456 1961 elus
479 1895 703 1962 suecessoribus
726 1897 759 1961 id
782 1917 890 1964 nemen
920 1897 1053 1963 inditum
1077 1899 1127 1966 sit.
1149 1935 1194 1946 -

11 2089 17 2102 .
129 2001 164 2065 in
187 1999 288 2066 medio
311 2002 367 2067 hoe
390 2002 490 2086 eapite
524 2002 599 2068 haee
633 2004 826 2086 reperiuntur
848 2026 877 2088 p.
908 2006 980 2083 168,
1005 2007 1026 2070 5
1049 2025 1131 2089 sqq.:
1154 2004 1194 2080 οἷς

129 2109 168 2173 δὲ
191 2110 333 2183 Λέπιδος
354 2114 414 2193 μὲν
436 2106 593 2192 ἐτελεύτα,
628 2107 780 2186 Ἀπώνιος
802 2113 839 2176 δὲ
869 2109 948 2199 πρός
981 2107 1194 2199 Κλεοπάτραν

127 2218 225 2301 ἔρεψε
247 2217 410 2299 Φουλβίαν
425 2213 483 2304 τήν
492 2212 634 2303 ἀδελφήν
646 2213 709 2282 τοῦ
720 2227 794 2284 νέου
808 2223 968 2306 Καίσαρος
981 2214 1192 2284 συνοικοῦσαν

130 2315 222 2408 αὐτῷ
240 2319 276 2386 τά
298 2323 373 2409 πρὶν
396 2319 599 2406 ἀποπτύσας,
622 2320 781 2405 Αἴγυπτόν
803 2349 838 2389 τε
860 2316 922 2391 εἷλε
943 2320 1012 2408 μετ’
1035 2320 1195 2390 Ἀντωνίου

130 2426 244 2510 [simili
267 2428 417 2494 locutione
440 2429 539 2494 utitur
553 2431 666 2514 Lpdus¹
679 2449 774 2496 mens.
795 2433 827 2510 4,
852 2433 895 2498 80
918 2449 1009 2514 supra
1032 2451 1061 2514 p.
1089 2432 1130 2496 12
1152 2431 1192 2498 ef.

130 2535 226 2600 etiam
250 2554 332 2618 mag.
350 2538 380 2614 3,
404 2535 686 2621 461111.]κα1τούς
707 2540 879 2622 ἐμφυλίους
893 2541 1016 2604 ἔπαυσε
1038 2534 1195 2624 θορύβους

130 2636 186 2728 τῆς
206 2636 326 2730 Ῥώμης,
349 2639 498 2726 ύγκωθεὶς
519 2645 573 2709 καὶ
595 2639 688 2718 αὐτὸς
710 2641 786 2719 θεός
804 2669 838 2710 τε
853 2640 1061 2732 ἐχρημάτισεν
1084 2641 1101 2708 ὁ
1124 2641 1195 2732 άρτι

128 2745 304 2835 μετριάζων
330 2751 383 2814 καὶ
416 2748 512 2825 ναούς
543 2747 737 2836 ὠσιωμέυους
758 2749 838 2836 πρὸς
858 2747 948 2838 τιμῆς
970 2745 1057 2838 αύτρῖ
1078 2746 1195 2817 άπεδέ·

241 2995 285 3066 14)
304 2997 380 3051 euius
397 2997 436 3050 rei
464 2997 622 3052 testimonia
640 2999 669 3050 et
687 2995 855 3061 documenta,
884 3013 952 3067 quae
969 2995 1103 3067 permulta
1121 3000 1194 3062 sunt,

130 3100 358 3154 supervacaneum
376 3089 418 3140 est
436 3101 591 3141 enumerare
619 3116 652 3127 -
679 3087 709 3141 iu
727 3087 881 3142 universum
907 3103 999 3141 omnes
1022 3086 1196 3156 imperatores

131 3174 176 3242 (iu
188 3190 252 3244 qnos
264 3177 373 3230 omnino
391 3176 415 3230 is
431 3175 517 3231 honor
534 3175 642 3231 delatus
654 3177 707 3247 est)
719 3178 781 3245 pest
792 3166 906 3230 nortem
919 3175 1026 3230 demum
1044 3175 1074 3229 in
1087 3173 1195 3233 deorum

131 3279 274 3317 numerum
291 3279 348 3318 esse
366 3264 466 3318 relatos
493 3262 561 3318 dicit
579 3263 687 3319 Servius
705 3263 762 3318 Ecl.
781 3265 806 3328 1,
826 3263 842 3316 7
871 3286 904 3309 =
933 3261 1031 3332 Georg.
1050 3265 1075 3327 1,
1093 3263 1129 3317 24
1146 3280 1194 3333 sq..

130 3351 181 3406 ubi
199 3354 291 3408 tamen
309 3352 398 3408 minus
417 3356 540 3407 accurate
557 3350 711 3421 Augustum
729 3353 760 3406 in
782 3352 832 3406 hae
850 3368 879 3406 re
897 3352 931 3406 ab
950 3351 1014 3406 aliis
1031 3349 1195 3422 principibus

131 3439 241 3496 differre
259 3441 396 3510 signifieat
415 3441 587 3512 [quamquam
605 3441 705 3496 diserte
723 3457 777 3494 non
789 3439 858 3495 (licit
875 3441 938 3505 nisi,
956 3439 986 3494 id
1003 3437 1074 3510 quod
1091 3455 1196 3495 revera

131 3530 176 3584 ita
193 3543 223 3583 se
240 3518 330 3595 babet,
347 3529 500 3599 Augustum
517 3529 568 3584 hoe
579 3532 689 3599 praeter
706 3529 824 3598 reliquos
840 3527 1015 3597 imperatores
1027 3529 1197 3600 praecipuum

131 3617 261 3672 habuisse
279 3617 349 3687 quod
368 3619 445 3672 vivus
469 3618 554 3672 etiam
580 3617 683 3687 templa
710 3618 861 3688 receperit}
898 3616 968 3689 qued
994 3618 1135 3688 speciatim
1162 3617 1197 3674 ad

131 3703 315 3761 Octavianum
332 3708 437 3763 attinet
455 3707 488 3762 ef.
507 3706 559 3762 Dio
576 3707 621 3771 66,
633 3707 669 3761 46
687 3708 725 3760 in.
744 3705 891 3778 Eutropius
911 3708 934 3773 7,
955 3709 989 3763 10
1001 3725 1028 3778 p.
1040 3708 1084 3774 47,
1103 3707 1138 3762 18
1156 3723 1196 3778 sq.

133 3795 223 3850 Tacit.
242 3809 304 3850 ann.
324 3797 349 3861 1,
368 3799 403 3853 10
421 3796 467 3852 lin.
486 3799 515 3850 et
532 3796 672 3866 praecipue
690 3795 756 3850 fasti
774 3795 941 3852 Amiternini
962 3795 997 3850 ad
1015 3795 1117 3850 ΧΠ.
1137 3793 1196 3850 Oet.

132 3883 232 3955 quibus
251 3883 368 3940 efficitur
385 3883 539 3955 Augustum
557 3886 608 3940 hoe
633 3883 677 3939 die
704 3886 770 3940 anni
789 3887 840 3942 767
859 3885 887 3941 h.
906 3902 928 3940 e.
948 3900 1038 3940 mense
1062 3883 1118 3940 iere
1135 3885 1198 3954 pest

131 3976 249 4028 mortem
268 3973 345 4043 [XIV
362 3973 396 4028 K.
415 3974 505 4044 Sept:
534 3973 609 4030 Suet.
627 3972 698 4042 Aug.
718 3975 770 4030 100
796 3991 822 4044 p.
841 3975 885 4042 84,
913 3975 947 4030 16
965 3973 1017 4028 Die
1036 3974 1080 4038 66,
1106 3973 1148 4036 30,
1168 3969 1195 4040 5]

131 4063 241 4144 peraeto
260 4077 317 4116 esse
329 4066 512 4120 consecratum
524 4061 564 4133 (0.
577 4061 603 4117 J.
616 4061 647 4117 L.
661 4064 686 4128 1,
704 4063 772 4128 324;
791 4062 864 4119 diem
882 4065 952 4118 hune
963 4060 1095 4133 praebent
1113 4059 1197 4116 etiam

132 4147 201 4206 fasti
219 4149 359 4206 Antiatini
377 4151 415 4209 ib.
433 4170 458 4222 p.
478 4153 551 4222 328).

992 4242 1037 4306 2*
