<?xml version="1.0" encoding="UTF-8"?>
<!DOCTYPE html PUBLIC "-//W3C//DTD XHTML 1.0 Transitional//EN"
    "http://www.w3.org/TR/xhtml1/DTD/xhtml1-transitional.dtd">
<html xmlns="http://www.w3.org/1999/xhtml" xml:lang="en" lang="en">
 <head>
  <title>
</title>
<meta http-equiv="Content-Type" content="text/html;charset=utf-8" />
  <meta name='ocr-system' content='tesseract 3.04.00' />
  <meta name='ocr-capabilities' content='ocr_page ocr_carea ocr_par ocr_line ocrx_word'/>
</head>
<body>
  <div class='ocr_page' id='page_1' title='image "./descriptoribusr00schrgoog_0048.png"; bbox 0 0 3086 5086; ppageno 0'>
   <div class='ocr_carea' id='block_1_1' title="bbox 594 437 813 502">
    <p class='ocr_par' dir='ltr' id='par_1_1' title="bbox 594 437 813 502">
     <span class='ocr_line' id='line_1_1' title="bbox 594 437 813 502; baseline 0.005 -18"><span class='ocrx_word' id='word_1_1' title='bbox 594 437 813 502; x_wconf 72' lang='lat'>..43-</span> 
     </span>
    </p>
   </div>
   <div class='ocr_carea' id='block_1_2' title="bbox 151 613 1240 1974">
    <p class='ocr_par' dir='ltr' id='par_1_2' title="bbox 151 613 1240 1974">
     <span class='ocr_line' id='line_1_2' title="bbox 172 613 1239 698; baseline 0.006 -21"><span class='ocrx_word' id='word_1_2' title='bbox 172 613 231 677; x_wconf 85' lang='lat' dir='ltr'>fin.</span> <span class='ocrx_word' id='word_1_3' title='bbox 259 613 428 698; x_wconf 83' lang='lat' dir='ltr'>,Aegyptus</span> <span class='ocrx_word' id='word_1_4' title='bbox 450 613 533 679; x_wconf 86' lang='lat' dir='ltr'>ricta</span> <span class='ocrx_word' id='word_1_5' title='bbox 556 633 626 678; x_wconf 92' lang='lat' dir='ltr'>cum</span> <span class='ocrx_word' id='word_1_6' title='bbox 648 615 782 680; x_wconf 88' lang='lat' dir='ltr'>Antonio</span> <span class='ocrx_word' id='word_1_7' title='bbox 798 613 957 697; x_wconf 76' lang='lat' dir='ltr'>Cleopatra</span> <span class='ocrx_word' id='word_1_8' title='bbox 980 616 1153 697; x_wconf 87' lang='lat' dir='ltr'>provinciae</span> <span class='ocrx_word' id='word_1_9' title='bbox 1176 618 1239 682; x_wconf 87' lang='lat' dir='ltr'>for·</span> 
     </span>
     <span class='ocr_line' id='line_1_3' title="bbox 172 718 1237 808; baseline 0.003 -24"><span class='ocrx_word' id='word_1_10' title='bbox 172 737 259 784; x_wconf 91' lang='lat' dir='ltr'>mam</span> <span class='ocrx_word' id='word_1_11' title='bbox 284 718 447 786; x_wconf 87' lang='lat' dir='ltr'>Octaviani</span> <span class='ocrx_word' id='word_1_12' title='bbox 482 719 619 785; x_wconf 80' lang='lat' dir='ltr'>Caesaris</span> <span class='ocrx_word' id='word_1_13' title='bbox 654 721 787 805; x_wconf 75' lang='lat' dir='ltr'><strong>Augusti</strong></span> <span class='ocrx_word' id='word_1_14' title='bbox 822 721 1009 803; x_wconf 77' lang='lat' dir='ltr'>temporibus</span> <span class='ocrx_word' id='word_1_15' title='bbox 1047 723 1237 808; x_wconf 72' lang='lat' dir='ltr'>accepit⁴⁷);</span> 
     </span>
     <span class='ocr_line' id='line_1_4' title="bbox 174 826 1237 909; baseline 0.005 -19"><span class='ocrx_word' id='word_1_16' title='bbox 174 828 207 890; x_wconf 88' lang='lat' dir='ltr'>et</span> <span class='ocrx_word' id='word_1_17' title='bbox 241 826 376 908; x_wconf 88' lang='lat' dir='ltr'>primum</span> <span class='ocrx_word' id='word_1_18' title='bbox 410 827 490 909; x_wconf 88' lang='lat' dir='ltr'>apud</span> <span class='ocrx_word' id='word_1_19' title='bbox 514 827 737 893; x_wconf 83' lang='lat' dir='ltr'>Alexandrinos</span> <span class='ocrx_word' id='word_1_20' title='bbox 761 826 918 893; x_wconf 91' lang='lat' dir='ltr'>Cornelius</span> <span class='ocrx_word' id='word_1_21' title='bbox 941 827 1049 894; x_wconf 83' lang='lat' dir='ltr'>Gallus</span> <span class='ocrx_word' id='word_1_22' title='bbox 1084 827 1237 895; x_wconf 87' lang='lat' dir='ltr'>Romanus</span> 
     </span>
     <span class='ocr_line' id='line_1_5' title="bbox 174 925 1239 1020; baseline 0.003 -23"><span class='ocrx_word' id='word_1_23' title='bbox 174 932 268 997; x_wconf 85' lang='lat' dir='ltr'>iudex</span> <span class='ocrx_word' id='word_1_24' title='bbox 289 931 531 998; x_wconf 80' lang='lat' dir='ltr'>administravit‘</span> <span class='ocrx_word' id='word_1_25' title='bbox 555 931 608 1015; x_wconf 85' lang='lat' dir='ltr'>(cf.</span> <span class='ocrx_word' id='word_1_26' title='bbox 632 933 815 999; x_wconf 89' lang='lat' dir='ltr'>Ammianus</span> <span class='ocrx_word' id='word_1_27' title='bbox 845 936 897 1012; x_wconf 91' lang='grc'>22,</span> <span class='ocrx_word' id='word_1_28' title='bbox 925 937 974 1012; x_wconf 89' lang='grc'>16,</span> <span class='ocrx_word' id='word_1_29' title='bbox 1000 935 1042 999; x_wconf 87' lang='grc'>24</span> <span class='ocrx_word' id='word_1_30' title='bbox 1067 925 1239 1020; x_wconf 77' lang='lat' dir='ltr'>,Aegyptus</span> 
     </span>
     <span class='ocr_line' id='line_1_6' title="bbox 172 1039 1238 1124; baseline 0.002 -20"><span class='ocrx_word' id='word_1_31' title='bbox 172 1039 325 1122; x_wconf 84' lang='lat' dir='ltr'>superatis</span> <span class='ocrx_word' id='word_1_32' title='bbox 359 1039 441 1121; x_wconf 87' lang='lat' dir='ltr'>apud</span> <span class='ocrx_word' id='word_1_33' title='bbox 464 1039 589 1104; x_wconf 88' lang='lat' dir='ltr'>Actium</span> <span class='ocrx_word' id='word_1_34' title='bbox 624 1039 705 1105; x_wconf 89' lang='lat' dir='ltr'>bello</span> <span class='ocrx_word' id='word_1_35' title='bbox 736 1040 840 1104; x_wconf 87' lang='lat' dir='ltr'>navali</span> <span class='ocrx_word' id='word_1_36' title='bbox 863 1040 995 1106; x_wconf 91' lang='lat' dir='ltr'>Antonio</span> <span class='ocrx_word' id='word_1_37' title='bbox 1024 1041 1054 1104; x_wconf 87' lang='lat' dir='ltr'>et</span> <span class='ocrx_word' id='word_1_38' title='bbox 1077 1039 1238 1124; x_wconf 76' lang='lat' dir='ltr'>Cleopatra</span> 
     </span>
     <span class='ocr_line' id='line_1_7' title="bbox 172 1145 1237 1232; baseline 0.003 -22"><span class='ocrx_word' id='word_1_39' title='bbox 172 1146 349 1230; x_wconf 86' lang='lat' dir='ltr'>prouinciae</span> <span class='ocrx_word' id='word_1_40' title='bbox 382 1165 491 1212; x_wconf 90' lang='lat' dir='ltr'>nomen</span> <span class='ocrx_word' id='word_1_41' title='bbox 515 1147 632 1228; x_wconf 86' lang='lat' dir='ltr'>accepit</span> <span class='ocrx_word' id='word_1_42' title='bbox 665 1148 703 1211; x_wconf 92' lang='lat' dir='ltr'>ab</span> <span class='ocrx_word' id='word_1_43' title='bbox 728 1145 895 1212; x_wconf 83' lang='lat' dir='ltr'>Octaviano</span> <span class='ocrx_word' id='word_1_44' title='bbox 925 1147 1067 1232; x_wconf 88' lang='lat' dir='ltr'>Augusto</span> <span class='ocrx_word' id='word_1_45' title='bbox 1090 1151 1237 1230; x_wconf 79' lang='lat' dir='ltr'>possessa‘</span> 
     </span>
     <span class='ocr_line' id='line_1_8' title="bbox 174 1251 1240 1330; baseline 0.002 -12"><span class='ocrx_word' id='word_1_46' title='bbox 174 1253 207 1318; x_wconf 85' lang='lat' dir='ltr'>et</span> <span class='ocrx_word' id='word_1_47' title='bbox 233 1254 283 1330; x_wconf 91' lang='grc'>17,</span> <span class='ocrx_word' id='word_1_48' title='bbox 307 1254 340 1330; x_wconf 86' lang='grc'>4,</span> <span class='ocrx_word' id='word_1_49' title='bbox 364 1252 384 1316; x_wconf 99' lang='grc'>5</span> <span class='ocrx_word' id='word_1_50' title='bbox 410 1301 428 1330; x_wconf 93' lang='grc'>,.</span> <span class='ocrx_word' id='word_1_51' title='bbox 454 1302 461 1315; x_wconf 93' lang='grc'><strong>.</strong></span> <span class='ocrx_word' id='word_1_52' title='bbox 487 1301 494 1315; x_wconf 96' lang='grc'><strong>.</strong></span> <span class='ocrx_word' id='word_1_53' title='bbox 520 1251 678 1318; x_wconf 88' lang='lat' dir='ltr'>Cornelius</span> <span class='ocrx_word' id='word_1_54' title='bbox 701 1251 809 1318; x_wconf 84' lang='lat' dir='ltr'>Gallus</span> <span class='ocrx_word' id='word_1_55' title='bbox 834 1251 1000 1318; x_wconf 88' lang='lat' dir='ltr'>Octaviano</span> <span class='ocrx_word' id='word_1_56' title='bbox 1037 1273 1084 1320; x_wconf 86' lang='lat' dir='ltr'>res</span> <span class='ocrx_word' id='word_1_57' title='bbox 1114 1255 1240 1320; x_wconf 88' lang='lat' dir='ltr'>tenente</span> 
     </span>
     <span class='ocr_line' id='line_1_9' title="bbox 172 1359 1237 1443; baseline 0.005 -19"><span class='ocrx_word' id='word_1_58' title='bbox 172 1359 329 1424; x_wconf 87' lang='lat' dir='ltr'>Romanas</span> <span class='ocrx_word' id='word_1_59' title='bbox 352 1359 489 1443; x_wconf 82' lang='lat' dir='ltr'>Aegypti</span> <span class='ocrx_word' id='word_1_60' title='bbox 510 1359 685 1442; x_wconf 88' lang='lat' dir='ltr'>procurator</span> <span class='ocrx_word' id='word_1_61' title='bbox 709 1408 716 1422; x_wconf 92' lang='lat'>.</span> <span class='ocrx_word' id='word_1_62' title='bbox 742 1366 772 1438; x_wconf 86' lang='lat'>.‘,</span> <span class='ocrx_word' id='word_1_63' title='bbox 796 1361 952 1442; x_wconf 88' lang='lat' dir='ltr'>praeterea</span> <span class='ocrx_word' id='word_1_64' title='bbox 974 1361 1060 1426; x_wconf 83' lang='lat' dir='ltr'>llutr.</span> <span class='ocrx_word' id='word_1_65' title='bbox 1087 1363 1116 1441; x_wconf 90' lang='grc'>7,</span> <span class='ocrx_word' id='word_1_66' title='bbox 1143 1363 1160 1426; x_wconf 96' lang='grc'>7</span> <span class='ocrx_word' id='word_1_67' title='bbox 1185 1361 1237 1430; x_wconf 86' lang='lat' dir='ltr'>fin.</span> 
     </span>
     <span class='ocr_line' id='line_1_10' title="bbox 176 1463 1239 1551; baseline 0.005 -22"><span class='ocrx_word' id='word_1_68' title='bbox 176 1463 348 1550; x_wconf 83' lang='lat' dir='ltr'>,Aegyptus</span> <span class='ocrx_word' id='word_1_69' title='bbox 371 1463 502 1548; x_wconf 70' lang='lat' dir='ltr'>pirOct.</span> <span class='ocrx_word' id='word_1_70' title='bbox 518 1466 600 1550; x_wconf 90' lang='lat' dir='ltr'>Aug.</span> <span class='ocrx_word' id='word_1_71' title='bbox 625 1466 751 1548; x_wconf 89' lang='lat' dir='ltr'>imperio</span> <span class='ocrx_word' id='word_1_72' title='bbox 766 1465 803 1532; x_wconf 86' lang='lat' dir='ltr'>R.</span> <span class='ocrx_word' id='word_1_73' title='bbox 827 1467 946 1532; x_wconf 90' lang='lat' dir='ltr'>adiecta</span> <span class='ocrx_word' id='word_1_74' title='bbox 968 1469 1024 1547; x_wconf 89' lang='lat' dir='ltr'>est,</span> <span class='ocrx_word' id='word_1_75' title='bbox 1048 1468 1239 1551; x_wconf 87' lang='lat' dir='ltr'>praepositus</span> 
     </span>
     <span class='ocr_line' id='line_1_11' title="bbox 173 1569 1238 1658; baseline 0.003 -21"><span class='ocrx_word' id='word_1_76' title='bbox 173 1573 205 1638; x_wconf 91' lang='lat' dir='ltr'>ci</span> <span class='ocrx_word' id='word_1_77' title='bbox 228 1570 282 1639; x_wconf 86' lang='lat' dir='ltr'>Cn.</span> <span class='ocrx_word' id='word_1_78' title='bbox 306 1569 463 1638; x_wconf 91' lang='lat' dir='ltr'>Cornelius</span> <span class='ocrx_word' id='word_1_79' title='bbox 487 1571 604 1640; x_wconf 80' lang='lat' dir='ltr'>Callus.</span> <span class='ocrx_word' id='word_1_80' title='bbox 634 1573 714 1639; x_wconf 90' lang='lat' dir='ltr'>hunc</span> <span class='ocrx_word' id='word_1_81' title='bbox 737 1573 871 1656; x_wconf 92' lang='lat' dir='ltr'>primum</span> <span class='ocrx_word' id='word_1_82' title='bbox 894 1575 1054 1658; x_wconf 88' lang='lat' dir='ltr'>Aegyptus</span> <span class='ocrx_word' id='word_1_83' title='bbox 1065 1575 1238 1640; x_wconf 75' lang='lat' dir='ltr'>Romamne</span> 
     </span>
     <span class='ocr_line' id='line_1_12' title="bbox 175 1677 1238 1765; baseline 0.005 -23"><span class='ocrx_word' id='word_1_84' title='bbox 175 1678 309 1743; x_wconf 89' lang='lat' dir='ltr'>iudicem</span> <span class='ocrx_word' id='word_1_85' title='bbox 333 1677 450 1743; x_wconf 88' lang='lat' dir='ltr'>habuit‘</span> <span class='ocrx_word' id='word_1_86' title='bbox 476 1679 527 1744; x_wconf 79' lang='lat' dir='ltr'>cf.&#39;</span> <span class='ocrx_word' id='word_1_87' title='bbox 541 1698 632 1761; x_wconf 89' lang='lat' dir='ltr'>supra</span> <span class='ocrx_word' id='word_1_88' title='bbox 654 1699 685 1762; x_wconf 82' lang='lat' dir='ltr'>p.</span> <span class='ocrx_word' id='word_1_89' title='bbox 709 1677 766 1765; x_wconf 85' lang='grc'>34)</span> <span class='ocrx_word' id='word_1_90' title='bbox 802 1699 837 1744; x_wconf 85' lang='lat' dir='ltr'>ex</span> <span class='ocrx_word' id='word_1_91' title='bbox 861 1680 1064 1762; x_wconf 81' lang='lat' dir='ltr'>descriptione</span> <span class='ocrx_word' id='word_1_92' title='bbox 1088 1681 1143 1746; x_wconf 92' lang='lat' dir='ltr'>illa</span> <span class='ocrx_word' id='word_1_93' title='bbox 1166 1701 1238 1765; x_wconf 87' lang='lat' dir='ltr'>geo-</span> 
     </span>
     <span class='ocr_line' id='line_1_13' title="bbox 176 1785 1239 1870; baseline 0.003 -22"><span class='ocrx_word' id='word_1_94' title='bbox 176 1785 325 1868; x_wconf 87' lang='lat' dir='ltr'>graphica</span> <span class='ocrx_word' id='word_1_95' title='bbox 349 1803 439 1866; x_wconf 89' lang='lat' dir='ltr'>quam</span> <span class='ocrx_word' id='word_1_96' title='bbox 455 1785 639 1850; x_wconf 86' lang='lat' dir='ltr'>Ammianus</span> <span class='ocrx_word' id='word_1_97' title='bbox 663 1786 695 1848; x_wconf 91' lang='lat' dir='ltr'>iu</span> <span class='ocrx_word' id='word_1_98' title='bbox 718 1785 929 1870; x_wconf 82' lang='lat' dir='ltr'>geographicis</span> <span class='ocrx_word' id='word_1_99' title='bbox 945 1785 1142 1851; x_wconf 86' lang='lat' dir='ltr'>historiarum</span> <span class='ocrx_word' id='word_1_100' title='bbox 1167 1807 1239 1851; x_wconf 92' lang='lat' dir='ltr'>sua-</span> 
     </span>
     <span class='ocr_line' id='line_1_14' title="bbox 151 1890 1238 1974; baseline 0.004 -20"><span class='ocrx_word' id='word_1_101' title='bbox 151 1909 246 1956; x_wconf 81' lang='lat' dir='ltr'>.rnm</span> <span class='ocrx_word' id='word_1_102' title='bbox 280 1890 419 1973; x_wconf 86' lang='lat' dir='ltr'>partibus</span> <span class='ocrx_word' id='word_1_103' title='bbox 454 1890 667 1973; x_wconf 87' lang='lat' dir='ltr'>componendis</span> <span class='ocrx_word' id='word_1_104' title='bbox 689 1890 867 1974; x_wconf 90' lang='lat' dir='ltr'>plerumque</span> <span class='ocrx_word' id='word_1_105' title='bbox 901 1892 1042 1958; x_wconf 85' lang='lat' dir='ltr'>adhibuit</span> <span class='ocrx_word' id='word_1_106' title='bbox 1080 1893 1238 1958; x_wconf 88' lang='lat' dir='ltr'>mutuatus</span> 
     </span>
    </p>
   </div>
   <div class='ocr_carea' id='block_1_3' title="bbox 174 2155 1243 4098">
    <p class='ocr_par' dir='ltr' id='par_1_3' title="bbox 174 2155 1243 3920">
     <span class='ocr_line' id='line_1_15' title="bbox 176 2155 1241 2227; baseline 0.003 -18"><span class='ocrx_word' id='word_1_107' title='bbox 176 2187 212 2198; x_wconf 82' lang='lat'>-</span> <span class='ocrx_word' id='word_1_108' title='bbox 230 2157 302 2219; x_wconf 82' lang='grc'>1114,</span> <span class='ocrx_word' id='word_1_109' title='bbox 322 2157 373 2212; x_wconf 90' lang='grc'>571</span> <span class='ocrx_word' id='word_1_110' title='bbox 388 2187 421 2196; x_wconf 95' lang='grc'>-</span> <span class='ocrx_word' id='word_1_111' title='bbox 434 2174 475 2226; x_wconf 90' lang='lat' dir='ltr'>ap.</span> <span class='ocrx_word' id='word_1_112' title='bbox 491 2155 564 2210; x_wconf 85' lang='lat' dir='ltr'>Suid.</span> <span class='ocrx_word' id='word_1_113' title='bbox 585 2173 609 2210; x_wconf 90' lang='lat' dir='ltr'>v.</span> <span class='ocrx_word' id='word_1_114' title='bbox 626 2157 757 2226; x_wconf 79' lang='grc' dir='ltr'>Τιβέριος).</span> <span class='ocrx_word' id='word_1_115' title='bbox 777 2158 845 2211; x_wconf 89' lang='lat' dir='ltr'>item</span> <span class='ocrx_word' id='word_1_116' title='bbox 863 2175 895 2212; x_wconf 89' lang='lat' dir='ltr'>ea</span> <span class='ocrx_word' id='word_1_117' title='bbox 915 2175 982 2227; x_wconf 88' lang='lat' dir='ltr'>quac</span> <span class='ocrx_word' id='word_1_118' title='bbox 1000 2158 1098 2214; x_wconf 77' lang='lat' dir='ltr'>Festus</span> <span class='ocrx_word' id='word_1_119' title='bbox 1117 2160 1241 2213; x_wconf 83' lang='lat' dir='ltr'>adnectit</span> 
     </span>
     <span class='ocr_line' id='line_1_16' title="bbox 175 2242 1240 2316; baseline 0.002 -16"><span class='ocrx_word' id='word_1_120' title='bbox 175 2263 202 2300; x_wconf 87' lang='grc'>0.</span> <span class='ocrx_word' id='word_1_121' title='bbox 221 2247 327 2300; x_wconf 90' lang='grc'>22-24</span> <span class='ocrx_word' id='word_1_122' title='bbox 346 2245 435 2316; x_wconf 85' lang='lat' dir='ltr'>(quem</span> <span class='ocrx_word' id='word_1_123' title='bbox 463 2247 585 2316; x_wconf 87' lang='lat' dir='ltr'>sequitur</span> <span class='ocrx_word' id='word_1_124' title='bbox 613 2245 686 2300; x_wconf 87' lang='lat' dir='ltr'>Jord.</span> <span class='ocrx_word' id='word_1_125' title='bbox 714 2242 750 2300; x_wconf 90' lang='lat' dir='ltr'>ih.</span> <span class='ocrx_word' id='word_1_126' title='bbox 780 2247 897 2316; x_wconf 86' lang='lat' dir='ltr'>exceptis</span> <span class='ocrx_word' id='word_1_127' title='bbox 924 2247 1012 2302; x_wconf 86' lang='lat' dir='ltr'>verbis</span> <span class='ocrx_word' id='word_1_128' title='bbox 1038 2249 1109 2302; x_wconf 88' lang='lat' dir='ltr'>male</span> <span class='ocrx_word' id='word_1_129' title='bbox 1136 2248 1240 2302; x_wconf 85' lang='lat' dir='ltr'>additis</span> 
     </span>
     <span class='ocr_line' id='line_1_17' title="bbox 176 2333 1240 2408; baseline 0.003 -21"><span class='ocrx_word' id='word_1_130' title='bbox 176 2333 355 2404; x_wconf 87' lang='lat' dir='ltr'>,[Archclaus]</span> <span class='ocrx_word' id='word_1_131' title='bbox 367 2335 554 2390; x_wconf 84' lang='lat' dir='ltr'>testamentali</span> <span class='ocrx_word' id='word_1_132' title='bbox 568 2337 629 2389; x_wconf 85' lang='lat' dir='ltr'>voce</span> <span class='ocrx_word' id='word_1_133' title='bbox 641 2334 837 2404; x_wconf 83' lang='lat' dir='ltr'>Cappadociam</span> <span class='ocrx_word' id='word_1_134' title='bbox 850 2336 978 2391; x_wconf 87' lang='lat' dir='ltr'>Romanis</span> <span class='ocrx_word' id='word_1_135' title='bbox 990 2335 1085 2407; x_wconf 82' lang='lat' dir='ltr'>dedit‘)</span> <span class='ocrx_word' id='word_1_136' title='bbox 1097 2340 1240 2408; x_wconf 87' lang='lat' dir='ltr'>‚postremo</span> 
     </span>
     <span class='ocr_line' id='line_1_18' title="bbox 175 2423 1237 2495; baseline -0.002 -17"><span class='ocrx_word' id='word_1_137' title='bbox 175 2423 226 2478; x_wconf 85' lang='lat' dir='ltr'>sub</span> <span class='ocrx_word' id='word_1_138' title='bbox 243 2423 571 2494; x_wconf 86' lang='lat' dir='ltr'>imperatoreClaudio</span> <span class='ocrx_word' id='word_1_139' title='bbox 590 2423 702 2479; x_wconf 87' lang='lat' dir='ltr'>Caesare</span> <span class='ocrx_word' id='word_1_140' title='bbox 730 2441 787 2478; x_wconf 90' lang='lat' dir='ltr'>cum</span> <span class='ocrx_word' id='word_1_141' title='bbox 817 2424 962 2479; x_wconf 86' lang='lat' dir='ltr'>Archelaus</span> <span class='ocrx_word' id='word_1_142' title='bbox 987 2443 1032 2480; x_wconf 84' lang='lat' dir='ltr'>rex</span> <span class='ocrx_word' id='word_1_143' title='bbox 1051 2424 1237 2495; x_wconf 87' lang='lat' dir='ltr'>Cappadocum</span> 
     </span>
     <span class='ocr_line' id='line_1_19' title="bbox 175 2513 1240 2584; baseline 0.002 -18"><span class='ocrx_word' id='word_1_144' title='bbox 175 2513 290 2566; x_wconf 86' lang='lat' dir='ltr'>Romam</span> <span class='ocrx_word' id='word_1_145' title='bbox 308 2515 427 2568; x_wconf 79' lang='lat' dir='ltr'>venisset</span> <span class='ocrx_word' id='word_1_146' title='bbox 445 2518 473 2569; x_wconf 88' lang='lat' dir='ltr'>et</span> <span class='ocrx_word' id='word_1_147' title='bbox 492 2514 531 2568; x_wconf 90' lang='lat' dir='ltr'>ibi</span> <span class='ocrx_word' id='word_1_148' title='bbox 551 2513 597 2568; x_wconf 90' lang='lat' dir='ltr'>diu</span> <span class='ocrx_word' id='word_1_149' title='bbox 616 2513 742 2568; x_wconf 88' lang='lat' dir='ltr'>detentus</span> <span class='ocrx_word' id='word_1_150' title='bbox 761 2513 935 2576; x_wconf 77' lang='lat' dir='ltr'>occubuisset,</span> <span class='ocrx_word' id='word_1_151' title='bbox 954 2515 983 2568; x_wconf 90' lang='lat' dir='ltr'>in</span> <span class='ocrx_word' id='word_1_152' title='bbox 1009 2514 1161 2583; x_wconf 88' lang='lat' dir='ltr'>provinciae</span> <span class='ocrx_word' id='word_1_153' title='bbox 1180 2531 1240 2584; x_wconf 91' lang='lat' dir='ltr'>spe-</span> 
     </span>
     <span class='ocr_line' id='line_1_20' title="bbox 175 2581 1238 2672; baseline 0.001 -16"><span class='ocrx_word' id='word_1_154' title='bbox 175 2603 244 2656; x_wconf 89' lang='lat' dir='ltr'>ciem</span> <span class='ocrx_word' id='word_1_155' title='bbox 264 2601 431 2672; x_wconf 89' lang='lat' dir='ltr'>Cappadocia</span> <span class='ocrx_word' id='word_1_156' title='bbox 458 2603 597 2671; x_wconf 85' lang='lat' dir='ltr'>migrarit‘</span> <span class='ocrx_word' id='word_1_157' title='bbox 625 2602 660 2656; x_wconf 89' lang='lat' dir='ltr'>ad</span> <span class='ocrx_word' id='word_1_158' title='bbox 679 2581 817 2656; x_wconf 78' lang='lat' dir='ltr'>Tiberium</span> <span class='ocrx_word' id='word_1_159' title='bbox 844 2603 934 2671; x_wconf 87' lang='lat' dir='ltr'>potius</span> <span class='ocrx_word' id='word_1_160' title='bbox 952 2601 1092 2656; x_wconf 79' lang='lat' dir='ltr'>reseranda</span> <span class='ocrx_word' id='word_1_161' title='bbox 1111 2606 1175 2656; x_wconf 90' lang='lat' dir='ltr'>sunt</span> <span class='ocrx_word' id='word_1_162' title='bbox 1194 2603 1238 2670; x_wconf 85' lang='lat' dir='ltr'>(cl.</span> 
     </span>
     <span class='ocr_line' id='line_1_21' title="bbox 175 2690 1239 2762; baseline -0.002 -17"><span class='ocrx_word' id='word_1_163' title='bbox 175 2690 304 2745; x_wconf 90' lang='lat' dir='ltr'>Jacobius</span> <span class='ocrx_word' id='word_1_164' title='bbox 323 2692 341 2745; x_wconf 91' lang='lat' dir='ltr'>l.</span> <span class='ocrx_word' id='word_1_165' title='bbox 360 2692 377 2746; x_wconf 94' lang='lat' dir='ltr'>l.</span> <span class='ocrx_word' id='word_1_166' title='bbox 396 2710 423 2762; x_wconf 90' lang='lat' dir='ltr'>p.</span> <span class='ocrx_word' id='word_1_167' title='bbox 441 2693 512 2761; x_wconf 87' lang='lat'><strong>33†)</strong></span> <span class='ocrx_word' id='word_1_168' title='bbox 531 2691 586 2746; x_wconf 84' lang='lat' dir='ltr'>rid.</span> <span class='ocrx_word' id='word_1_169' title='bbox 604 2691 701 2745; x_wconf 85' lang='lat' dir='ltr'>Vellei.</span> <span class='ocrx_word' id='word_1_170' title='bbox 721 2693 746 2756; x_wconf 91' lang='grc'>2,</span> <span class='ocrx_word' id='word_1_171' title='bbox 765 2693 808 2754; x_wconf 91' lang='grc'>29,</span> <span class='ocrx_word' id='word_1_172' title='bbox 827 2692 844 2745; x_wconf 90' lang='grc'><strong>3</strong></span> <span class='ocrx_word' id='word_1_173' title='bbox 864 2691 952 2744; x_wconf 88' lang='lat' dir='ltr'>Tacit.</span> <span class='ocrx_word' id='word_1_174' title='bbox 970 2708 994 2744; x_wconf 87' lang='lat' dir='ltr'>a.</span> <span class='ocrx_word' id='word_1_175' title='bbox 1013 2693 1038 2755; x_wconf 90' lang='grc'>2,</span> <span class='ocrx_word' id='word_1_176' title='bbox 1056 2691 1100 2745; x_wconf 88' lang='grc'>42.</span> <span class='ocrx_word' id='word_1_177' title='bbox 1113 2692 1147 2745; x_wconf 83' lang='grc'>56</span> <span class='ocrx_word' id='word_1_178' title='bbox 1166 2691 1239 2760; x_wconf 83' lang='grc'>(0.0.</span> 
     </span>
     <span class='ocr_line' id='line_1_22' title="bbox 176 2777 1237 2851; baseline -0.002 -17"><span class='ocrx_word' id='word_1_179' title='bbox 176 2781 238 2845; x_wconf 88' lang='grc'>770.</span> <span class='ocrx_word' id='word_1_180' title='bbox 259 2781 321 2851; x_wconf 85' lang='grc'>771)</span> <span class='ocrx_word' id='word_1_181' title='bbox 340 2780 448 2837; x_wconf 81' lang='lat' dir='ltr'>Sueten.</span> <span class='ocrx_word' id='word_1_182' title='bbox 478 2783 590 2838; x_wconf 72' lang='grc'>71537</span> <span class='ocrx_word' id='word_1_183' title='bbox 609 2782 654 2835; x_wconf 85' lang='grc'>110.</span> <span class='ocrx_word' id='word_1_184' title='bbox 673 2799 698 2850; x_wconf 92' lang='lat' dir='ltr'>p.</span> <span class='ocrx_word' id='word_1_185' title='bbox 719 2783 779 2846; x_wconf 93' lang='grc'>102,</span> <span class='ocrx_word' id='word_1_186' title='bbox 807 2783 842 2842; x_wconf 85' lang='grc'>28</span> <span class='ocrx_word' id='word_1_187' title='bbox 860 2798 918 2851; x_wconf 86' lang='lat' dir='ltr'>sqq.</span> <span class='ocrx_word' id='word_1_188' title='bbox 938 2777 1075 2849; x_wconf 87' lang='lat' dir='ltr'>,quosdam</span> <span class='ocrx_word' id='word_1_189' title='bbox 1096 2795 1172 2848; x_wconf 84' lang='lat' dir='ltr'>reges</span> <span class='ocrx_word' id='word_1_190' title='bbox 1190 2795 1237 2847; x_wconf 89' lang='lat' dir='ltr'>per</span> 
     </span>
     <span class='ocr_line' id='line_1_23' title="bbox 174 2867 1240 2940; baseline -0.004 -16"><span class='ocrx_word' id='word_1_191' title='bbox 174 2869 328 2924; x_wconf 88' lang='lat' dir='ltr'>blanditias</span> <span class='ocrx_word' id='word_1_192' title='bbox 346 2873 428 2940; x_wconf 87' lang='lat' dir='ltr'>atque</span> <span class='ocrx_word' id='word_1_193' title='bbox 440 2871 571 2940; x_wconf 88' lang='lat' dir='ltr'>promissa</span> <span class='ocrx_word' id='word_1_194' title='bbox 590 2873 723 2924; x_wconf 83' lang='lat' dir='ltr'>extractos</span> <span class='ocrx_word' id='word_1_195' title='bbox 742 2870 816 2925; x_wconf 89' lang='lat' dir='ltr'>adse</span> <span class='ocrx_word' id='word_1_196' title='bbox 835 2887 888 2924; x_wconf 94' lang='lat' dir='ltr'>non</span> <span class='ocrx_word' id='word_1_197' title='bbox 900 2869 1015 2932; x_wconf 86' lang='lat' dir='ltr'>remisit,</span> <span class='ocrx_word' id='word_1_198' title='bbox 1034 2871 1066 2921; x_wconf 92' lang='lat' dir='ltr'>ut</span> <span class='ocrx_word' id='word_1_199' title='bbox 1080 2908 1086 2921; x_wconf 93' lang='lat'>.</span> <span class='ocrx_word' id='word_1_200' title='bbox 1101 2909 1106 2921; x_wconf 95' lang='lat'>.</span> <span class='ocrx_word' id='word_1_201' title='bbox 1121 2867 1240 2922; x_wconf 71' lang='grc' dir='ltr'>,1001ιο-</span> 
     </span>
     <span class='ocr_line' id='line_1_24' title="bbox 174 2956 1238 3028; baseline -0.004 -14"><span class='ocrx_word' id='word_1_202' title='bbox 174 2959 251 3014; x_wconf 86' lang='lat' dir='ltr'>laum</span> <span class='ocrx_word' id='word_1_203' title='bbox 264 2959 454 3028; x_wconf 87' lang='lat' dir='ltr'>Cappadocem,</span> <span class='ocrx_word' id='word_1_204' title='bbox 471 2961 545 3014; x_wconf 77' lang='grc'>00100</span> <span class='ocrx_word' id='word_1_205' title='bbox 557 2961 640 3014; x_wconf 87' lang='lat' dir='ltr'>etiam</span> <span class='ocrx_word' id='word_1_206' title='bbox 654 2975 767 3028; x_wconf 87' lang='lat' dir='ltr'>regnum</span> <span class='ocrx_word' id='word_1_207' title='bbox 786 2960 814 3012; x_wconf 91' lang='lat' dir='ltr'>in</span> <span class='ocrx_word' id='word_1_208' title='bbox 827 2959 940 3013; x_wconf 86' lang='lat' dir='ltr'>formam</span> <span class='ocrx_word' id='word_1_209' title='bbox 955 2957 1109 3027; x_wconf 73' lang='lat' dir='ltr'>provinces</span> <span class='ocrx_word' id='word_1_210' title='bbox 1122 2956 1238 3025; x_wconf 88' lang='lat' dir='ltr'>redegit‘</span> 
     </span>
     <span class='ocr_line' id='line_1_25' title="bbox 179 3046 1240 3118; baseline -0.002 -16"><span class='ocrx_word' id='word_1_211' title='bbox 179 3047 225 3118; x_wconf 87' lang='lat' dir='ltr'>[cf.</span> <span class='ocrx_word' id='word_1_212' title='bbox 245 3049 306 3102; x_wconf 86' lang='lat' dir='ltr'>Tac.</span> <span class='ocrx_word' id='word_1_213' title='bbox 326 3049 351 3112; x_wconf 93' lang='grc'>2,</span> <span class='ocrx_word' id='word_1_214' title='bbox 369 3050 405 3102; x_wconf 89' lang='grc'>42</span> <span class='ocrx_word' id='word_1_215' title='bbox 425 3066 545 3118; x_wconf 84' lang='lat' dir='ltr'>,regnum</span> <span class='ocrx_word' id='word_1_216' title='bbox 564 3051 593 3103; x_wconf 83' lang='lat' dir='ltr'>iu</span> <span class='ocrx_word' id='word_1_217' title='bbox 611 3049 777 3118; x_wconf 87' lang='lat' dir='ltr'>provinciam</span> <span class='ocrx_word' id='word_1_218' title='bbox 795 3047 931 3102; x_wconf 85' lang='lat' dir='ltr'>redactum</span> <span class='ocrx_word' id='word_1_219' title='bbox 950 3051 1010 3111; x_wconf 88' lang='lat' dir='ltr'>est‘,</span> <span class='ocrx_word' id='word_1_220' title='bbox 1029 3050 1054 3112; x_wconf 92' lang='grc'>2,</span> <span class='ocrx_word' id='word_1_221' title='bbox 1074 3048 1108 3101; x_wconf 86' lang='grc'>56</span> <span class='ocrx_word' id='word_1_222' title='bbox 1128 3046 1240 3116; x_wconf 86' lang='lat' dir='ltr'>,Cappa-</span> 
     </span>
     <span class='ocr_line' id='line_1_26' title="bbox 177 3136 1240 3208; baseline -0.001 -18"><span class='ocrx_word' id='word_1_223' title='bbox 177 3136 256 3192; x_wconf 90' lang='lat' dir='ltr'>doces</span> <span class='ocrx_word' id='word_1_224' title='bbox 274 3138 304 3192; x_wconf 91' lang='lat' dir='ltr'>iu</span> <span class='ocrx_word' id='word_1_225' title='bbox 322 3137 434 3200; x_wconf 86' lang='lat' dir='ltr'>formam</span> <span class='ocrx_word' id='word_1_226' title='bbox 452 3139 605 3208; x_wconf 87' lang='lat' dir='ltr'>provinciae</span> <span class='ocrx_word' id='word_1_227' title='bbox 624 3136 745 3206; x_wconf 84' lang='lat' dir='ltr'>redacti‘]</span> <span class='ocrx_word' id='word_1_228' title='bbox 776 3167 809 3177; x_wconf 90' lang='lat'>—-</span> <span class='ocrx_word' id='word_1_229' title='bbox 837 3153 916 3206; x_wconf 88' lang='lat' dir='ltr'>quern</span> <span class='ocrx_word' id='word_1_230' title='bbox 935 3137 1065 3206; x_wconf 83' lang='lat' dir='ltr'>expressit</span> <span class='ocrx_word' id='word_1_231' title='bbox 1083 3137 1193 3205; x_wconf 81' lang='lat' dir='ltr'>Eutrop.</span> <span class='ocrx_word' id='word_1_232' title='bbox 1215 3137 1240 3199; x_wconf 93' lang='grc'>7,</span> 
     </span>
     <span class='ocr_line' id='line_1_27' title="bbox 177 3225 1240 3296; baseline -0.005 -15"><span class='ocrx_word' id='word_1_233' title='bbox 177 3229 212 3281; x_wconf 95' lang='grc'>11</span> <span class='ocrx_word' id='word_1_234' title='bbox 232 3240 258 3296; x_wconf 82' lang='lat' dir='ltr'>p.</span> <span class='ocrx_word' id='word_1_235' title='bbox 276 3227 319 3290; x_wconf 89' lang='grc'>47,</span> <span class='ocrx_word' id='word_1_236' title='bbox 348 3228 461 3292; x_wconf 82' lang='grc'>24-26,</span> <span class='ocrx_word' id='word_1_237' title='bbox 489 3227 650 3296; x_wconf 81' lang='lat' dir='ltr'>Eutropium</span> <span class='ocrx_word' id='word_1_238' title='bbox 678 3242 767 3280; x_wconf 88' lang='lat' dir='ltr'>rursus</span> <span class='ocrx_word' id='word_1_239' title='bbox 786 3225 895 3280; x_wconf 90' lang='lat' dir='ltr'>Hieron.</span> <span class='ocrx_word' id='word_1_240' title='bbox 915 3229 944 3279; x_wconf 92' lang='lat' dir='ltr'>et</span> <span class='ocrx_word' id='word_1_241' title='bbox 962 3225 1086 3278; x_wconf 89' lang='lat' dir='ltr'>Antioch.</span> <span class='ocrx_word' id='word_1_242' title='bbox 1106 3225 1134 3278; x_wconf 94' lang='lat' dir='ltr'>ll.</span> <span class='ocrx_word' id='word_1_243' title='bbox 1155 3225 1185 3277; x_wconf 93' lang='lat' dir='ltr'>ll.</span> <span class='ocrx_word' id='word_1_244' title='bbox 1206 3253 1240 3262; x_wconf 92' lang='grc'>-</span> 
     </span>
     <span class='ocr_line' id='line_1_28' title="bbox 178 3305 1243 3386; baseline -0.005 -15"><span class='ocrx_word' id='word_1_245' title='bbox 178 3319 208 3371; x_wconf 85' lang='lat' dir='ltr'>et</span> <span class='ocrx_word' id='word_1_246' title='bbox 226 3315 283 3370; x_wconf 91' lang='lat' dir='ltr'>Cal.</span> <span class='ocrx_word' id='word_1_247' title='bbox 304 3319 357 3386; x_wconf 84' lang='lat' dir='ltr'>l&#39;p.</span> <span class='ocrx_word' id='word_1_248' title='bbox 373 3319 431 3382; x_wconf 90' lang='grc'>119,</span> <span class='ocrx_word' id='word_1_249' title='bbox 452 3317 556 3372; x_wconf 90' lang='grc'>12-15</span> <span class='ocrx_word' id='word_1_250' title='bbox 576 3316 757 3378; x_wconf 82' lang='lat' dir='ltr'>,Germanicus</span> <span class='ocrx_word' id='word_1_251' title='bbox 776 3317 867 3370; x_wconf 87' lang='lat' dir='ltr'>consul</span> <span class='ocrx_word' id='word_1_252' title='bbox 886 3317 984 3370; x_wconf 88' lang='lat' dir='ltr'>iterum</span> <span class='ocrx_word' id='word_1_253' title='bbox 1002 3305 1106 3369; x_wconf 82' lang='lat' dir='ltr'>c‘reatus</span> <span class='ocrx_word' id='word_1_254' title='bbox 1125 3330 1155 3368; x_wconf 87' lang='lat' dir='ltr'>ac</span> <span class='ocrx_word' id='word_1_255' title='bbox 1166 3313 1243 3382; x_wconf 89' lang='lat' dir='ltr'>prius</span> 
     </span>
     <span class='ocr_line' id='line_1_29' title="bbox 178 3402 1243 3476; baseline -0.002 -19"><span class='ocrx_word' id='word_1_256' title='bbox 178 3421 259 3474; x_wconf 90' lang='lat' dir='ltr'>quam</span> <span class='ocrx_word' id='word_1_257' title='bbox 278 3405 405 3460; x_wconf 90' lang='lat' dir='ltr'>honorem</span> <span class='ocrx_word' id='word_1_258' title='bbox 423 3409 457 3476; x_wconf 86' lang='lat' dir='ltr'>[a.</span> <span class='ocrx_word' id='word_1_259' title='bbox 478 3407 541 3475; x_wconf 84' lang='grc'>771]</span> <span class='ocrx_word' id='word_1_260' title='bbox 569 3406 678 3460; x_wconf 87' lang='lat' dir='ltr'>iniret.</span> <span class='ocrx_word' id='word_1_261' title='bbox 700 3421 784 3459; x_wconf 83' lang='lat' dir='ltr'>¹cum</span> <span class='ocrx_word' id='word_1_262' title='bbox 811 3405 1004 3474; x_wconf 88' lang='lat' dir='ltr'>Cappadociam</span> <span class='ocrx_word' id='word_1_263' title='bbox 1032 3405 1062 3457; x_wconf 92' lang='lat' dir='ltr'>in</span> <span class='ocrx_word' id='word_1_264' title='bbox 1088 3402 1243 3472; x_wconf 85' lang='lat' dir='ltr'>provinciae</span> 
     </span>
     <span class='ocr_line' id='line_1_30' title="bbox 177 3491 1240 3564; baseline -0.002 -18"><span class='ocrx_word' id='word_1_265' title='bbox 177 3493 292 3547; x_wconf 77' lang='lat' dir='ltr'>formam</span> <span class='ocrx_word' id='word_1_266' title='bbox 310 3493 466 3564; x_wconf 86' lang='lat' dir='ltr'>redegisset‘</span> <span class='ocrx_word' id='word_1_267' title='bbox 485 3496 537 3550; x_wconf 89' lang='lat' dir='ltr'>Dio</span> <span class='ocrx_word' id='word_1_268' title='bbox 555 3495 598 3560; x_wconf 92' lang='grc'>57,</span> <span class='ocrx_word' id='word_1_269' title='bbox 618 3496 661 3559; x_wconf 93' lang='grc'>17,</span> <span class='ocrx_word' id='word_1_270' title='bbox 680 3495 749 3550; x_wconf 88' lang='grc'>3-7</span> <span class='ocrx_word' id='word_1_271' title='bbox 769 3495 800 3563; x_wconf 87' lang='lat' dir='ltr'>(s.</span> <span class='ocrx_word' id='word_1_272' title='bbox 820 3511 843 3549; x_wconf 92' lang='lat' dir='ltr'>a.</span> <span class='ocrx_word' id='word_1_273' title='bbox 865 3495 926 3564; x_wconf 88' lang='grc'>770)</span> <span class='ocrx_word' id='word_1_274' title='bbox 945 3493 1017 3547; x_wconf 86' lang='lat' dir='ltr'>Vict.</span> <span class='ocrx_word' id='word_1_275' title='bbox 1036 3491 1110 3546; x_wconf 87' lang='lat' dir='ltr'>Caes.</span> <span class='ocrx_word' id='word_1_276' title='bbox 1124 3493 1149 3554; x_wconf 92' lang='grc'>2,</span> <span class='ocrx_word' id='word_1_277' title='bbox 1168 3492 1240 3560; x_wconf 71' lang='grc'>300.</span> 
     </span>
     <span class='ocr_line' id='line_1_31' title="bbox 180 3581 1241 3654; baseline -0.003 -18"><span class='ocrx_word' id='word_1_278' title='bbox 180 3582 704 3652; x_wconf 72' lang='grc' dir='ltr'>2850000110.18-21Μο101.</span> <span class='ocrx_word' id='word_1_279' title='bbox 731 3587 765 3640; x_wconf 91' lang='lat'>10</span> <span class='ocrx_word' id='word_1_280' title='bbox 792 3601 817 3654; x_wconf 90' lang='lat' dir='ltr'>p.</span> <span class='ocrx_word' id='word_1_281' title='bbox 846 3583 907 3647; x_wconf 88' lang='grc'>235,</span> <span class='ocrx_word' id='word_1_282' title='bbox 939 3584 972 3636; x_wconf 90' lang='grc'>13</span> <span class='ocrx_word' id='word_1_283' title='bbox 1000 3599 1038 3650; x_wconf 87' lang='lat' dir='ltr'>sq.</span> <span class='ocrx_word' id='word_1_284' title='bbox 1059 3581 1123 3649; x_wconf 88' lang='lat' dir='ltr'>(alio</span> <span class='ocrx_word' id='word_1_285' title='bbox 1151 3595 1241 3634; x_wconf 84' lang='lat' dir='ltr'>errore</span> 
     </span>
     <span class='ocr_line' id='line_1_32' title="bbox 180 3669 1242 3742; baseline -0.001 -18"><span class='ocrx_word' id='word_1_286' title='bbox 180 3671 334 3740; x_wconf 86' lang='lat' dir='ltr'>implicatur</span> <span class='ocrx_word' id='word_1_287' title='bbox 352 3674 491 3742; x_wconf 84' lang='lat' dir='ltr'>Appianas</span> <span class='ocrx_word' id='word_1_288' title='bbox 510 3673 632 3742; x_wconf 85' lang='lat' dir='ltr'>Augusto</span> <span class='ocrx_word' id='word_1_289' title='bbox 660 3673 710 3728; x_wconf 92' lang='lat' dir='ltr'>hoc</span> <span class='ocrx_word' id='word_1_290' title='bbox 737 3673 859 3727; x_wconf 87' lang='lat' dir='ltr'>tribuens</span> <span class='ocrx_word' id='word_1_291' title='bbox 877 3673 972 3726; x_wconf 89' lang='lat' dir='ltr'>Mithr.</span> <span class='ocrx_word' id='word_1_292' title='bbox 993 3670 1043 3724; x_wconf 89' lang='grc'>105</span> <span class='ocrx_word' id='word_1_293' title='bbox 1070 3671 1116 3723; x_wconf 90' lang='lat' dir='ltr'>fin.</span> <span class='ocrx_word' id='word_1_294' title='bbox 1135 3685 1160 3737; x_wconf 89' lang='lat' dir='ltr'>p.</span> <span class='ocrx_word' id='word_1_295' title='bbox 1178 3669 1242 3733; x_wconf 89' lang='grc'>409,</span> 
     </span>
     <span class='ocr_line' id='line_1_33' title="bbox 180 3757 1240 3831; baseline -0.006 -16"><span class='ocrx_word' id='word_1_296' title='bbox 180 3763 195 3815; x_wconf 93' lang='grc'>1</span> <span class='ocrx_word' id='word_1_297' title='bbox 215 3777 254 3830; x_wconf 92' lang='lat' dir='ltr'>sq.</span> <span class='ocrx_word' id='word_1_298' title='bbox 274 3760 401 3830; x_wconf 90' lang='lat' dir='ltr'>deceptus</span> <span class='ocrx_word' id='word_1_299' title='bbox 419 3761 490 3814; x_wconf 88' lang='lat' dir='ltr'>haud</span> <span class='ocrx_word' id='word_1_300' title='bbox 509 3761 590 3816; x_wconf 88' lang='lat' dir='ltr'>dubie</span> <span class='ocrx_word' id='word_1_301' title='bbox 609 3777 641 3816; x_wconf 92' lang='lat' dir='ltr'>ea</span> <span class='ocrx_word' id='word_1_302' title='bbox 659 3779 687 3816; x_wconf 92' lang='lat' dir='ltr'>rc</span> <span class='ocrx_word' id='word_1_303' title='bbox 706 3779 786 3831; x_wconf 86' lang='lat' dir='ltr'>quam</span> <span class='ocrx_word' id='word_1_304' title='bbox 805 3762 856 3815; x_wconf 91' lang='lat' dir='ltr'>Dio</span> <span class='ocrx_word' id='word_1_305' title='bbox 874 3763 893 3814; x_wconf 92' lang='lat' dir='ltr'>l.</span> <span class='ocrx_word' id='word_1_306' title='bbox 906 3761 925 3815; x_wconf 90' lang='lat' dir='ltr'>l.</span> <span class='ocrx_word' id='word_1_307' title='bbox 944 3760 999 3828; x_wconf 74' lang='lat'>§.5</span> <span class='ocrx_word' id='word_1_308' title='bbox 1018 3760 1055 3814; x_wconf 91' lang='lat' dir='ltr'>in.</span> <span class='ocrx_word' id='word_1_309' title='bbox 1074 3759 1167 3812; x_wconf 89' lang='lat' dir='ltr'>narrat</span> <span class='ocrx_word' id='word_1_310' title='bbox 1185 3757 1240 3810; x_wconf 83' lang='lat' dir='ltr'>rid.</span> 
     </span>
     <span class='ocr_line' id='line_1_34' title="bbox 178 3849 1021 3920; baseline -0.004 -16"><span class='ocrx_word' id='word_1_311' title='bbox 178 3849 369 3919; x_wconf 82' lang='lat' dir='ltr'>Marquardtns</span> <span class='ocrx_word' id='word_1_312' title='bbox 387 3849 420 3904; x_wconf 89' lang='lat' dir='ltr'>de</span> <span class='ocrx_word' id='word_1_313' title='bbox 438 3850 593 3906; x_wconf 82' lang='lat' dir='ltr'>adminisir.</span> <span class='ocrx_word' id='word_1_314' title='bbox 611 3851 685 3920; x_wconf 89' lang='lat' dir='ltr'>publ.</span> <span class='ocrx_word' id='word_1_315' title='bbox 704 3853 780 3904; x_wconf 90' lang='lat' dir='ltr'>Rom.</span> <span class='ocrx_word' id='word_1_316' title='bbox 799 3852 824 3908; x_wconf 88' lang='lat'>1.</span> <span class='ocrx_word' id='word_1_317' title='bbox 844 3851 896 3905; x_wconf 92' lang='grc'>209</span> <span class='ocrx_word' id='word_1_318' title='bbox 915 3849 976 3902; x_wconf 92' lang='lat' dir='ltr'>adn.</span> <span class='ocrx_word' id='word_1_319' title='bbox 998 3851 1021 3902; x_wconf 90' lang='lat'>1.</span> 
     </span>
    </p>

    <p class='ocr_par' dir='ltr' id='par_1_4' title="bbox 179 3933 1243 4098">
     <span class='ocr_line' id='line_1_35' title="bbox 287 3933 1243 4008; baseline -0.009 -14"><span class='ocrx_word' id='word_1_320' title='bbox 287 3940 315 4008; x_wconf 88' lang='lat'>†)</span> <span class='ocrx_word' id='word_1_321' title='bbox 334 3939 458 3994; x_wconf 88' lang='lat' dir='ltr'>absimile</span> <span class='ocrx_word' id='word_1_322' title='bbox 476 3941 548 3994; x_wconf 87' lang='lat' dir='ltr'>euim</span> <span class='ocrx_word' id='word_1_323' title='bbox 567 3941 623 3994; x_wconf 89' lang='lat' dir='ltr'>veri</span> <span class='ocrx_word' id='word_1_324' title='bbox 642 3956 699 3994; x_wconf 90' lang='lat' dir='ltr'>esse</span> <span class='ocrx_word' id='word_1_325' title='bbox 717 3937 783 3992; x_wconf 88' lang='lat' dir='ltr'>duco</span> <span class='ocrx_word' id='word_1_326' title='bbox 802 3938 912 3992; x_wconf 80' lang='lat' dir='ltr'>Festum</span> <span class='ocrx_word' id='word_1_327' title='bbox 930 3938 956 3992; x_wconf 86' lang='lat' dir='ltr'>h.</span> <span class='ocrx_word' id='word_1_328' title='bbox 972 3938 989 3990; x_wconf 93' lang='lat' dir='ltr'>l.</span> <span class='ocrx_word' id='word_1_329' title='bbox 1007 3935 1114 3991; x_wconf 92' lang='lat' dir='ltr'>Claudii</span> <span class='ocrx_word' id='word_1_330' title='bbox 1133 3933 1243 3986; x_wconf 86' lang='lat' dir='ltr'>nomine</span> 
     </span>
     <span class='ocr_line' id='line_1_36' title="bbox 179 4023 1075 4098; baseline -0.008 -16"><span class='ocrx_word' id='word_1_331' title='bbox 179 4027 319 4082; x_wconf 85' lang='lat' dir='ltr'>Tiberium</span> <span class='ocrx_word' id='word_1_332' title='bbox 338 4029 459 4093; x_wconf 87' lang='lat' dir='ltr'>sensisse,</span> <span class='ocrx_word' id='word_1_333' title='bbox 479 4028 549 4098; x_wconf 89' lang='lat' dir='ltr'>quod</span> <span class='ocrx_word' id='word_1_334' title='bbox 566 4026 757 4098; x_wconf 86' lang='lat' dir='ltr'>Marquardtus</span> <span class='ocrx_word' id='word_1_335' title='bbox 776 4027 837 4081; x_wconf 85' lang='lat' dir='ltr'>vult</span> <span class='ocrx_word' id='word_1_336' title='bbox 856 4030 880 4090; x_wconf 85' lang='lat'>1,</span> <span class='ocrx_word' id='word_1_337' title='bbox 900 4025 952 4080; x_wconf 90' lang='grc'>208</span> <span class='ocrx_word' id='word_1_338' title='bbox 971 4023 1031 4078; x_wconf 90' lang='lat' dir='ltr'>adu.</span> <span class='ocrx_word' id='word_1_339' title='bbox 1051 4025 1075 4076; x_wconf 83' lang='lat'>1.</span> 
     </span>
    </p>
   </div>
   <div class='ocr_carea' id='block_1_4' title="bbox 287 4131 786 4204">
    <p class='ocr_par' dir='ltr' id='par_1_5' title="bbox 287 4131 786 4204">
     <span class='ocr_line' id='line_1_37' title="bbox 287 4131 786 4204; baseline -0.008 -15"><span class='ocrx_word' id='word_1_340' title='bbox 287 4135 334 4202; x_wconf 88' lang='grc'>47)</span> <span class='ocrx_word' id='word_1_341' title='bbox 352 4133 422 4189; x_wconf 89' lang='lat' dir='ltr'>unde</span> <span class='ocrx_word' id='word_1_342' title='bbox 440 4135 541 4204; x_wconf 89' lang='lat' dir='ltr'>pendet</span> <span class='ocrx_word' id='word_1_343' title='bbox 558 4133 684 4188; x_wconf 89' lang='lat' dir='ltr'>Jordanis</span> <span class='ocrx_word' id='word_1_344' title='bbox 703 4148 724 4186; x_wconf 89' lang='lat' dir='ltr'>c.</span> <span class='ocrx_word' id='word_1_345' title='bbox 744 4131 786 4186; x_wconf 90' lang='grc'>57.</span> 
     </span>
    </p>
   </div>
   <div class='ocr_carea' id='block_1_5' title="bbox 0 0 1557 5086">
    <p class='ocr_par' dir='ltr' id='par_1_6' title="bbox 0 0 1557 5086">
     <span class='ocr_line' id='line_1_38' title="bbox 0 0 1557 5086; baseline 0 0"><span class='ocrx_word' id='word_1_346' title='bbox 0 0 1557 5086; x_wconf 95' lang='lat' dir='ltr'> </span> 
     </span>
    </p>
   </div>
  </div>
 </body>
</html>
