3086 5086
603 475 825 547 —65-

179 651 296 725 fontem
320 675 460 724 rovocare
489 676 550 723 non
581 657 800 725 dubitabimus.
831 657 883 724 sed
907 657 1002 724 otiam
1025 677 1080 742 per
1103 679 1135 726 se
1158 676 1247 727 nemo

112 847 116 854 v
179 764 287 848 opinor
320 764 374 848 qui
408 763 593 830 Suetoniana
627 783 697 828 cum
732 764 886 846 similibus
919 764 1045 830 Dioneis
1080 765 1247 851 diligenter
1361 750 1365 760 ⁸

179 869 405 954 comparaverit
427 869 508 934 hunc
531 889 566 935 er
590 869 645 935 illo
668 870 806 937 hausisse
829 870 890 936 sibi
911 869 1117 954 persuadebit.

288 974 436 1057 Quisnam
471 977 574 1042 autern
609 976 636 1042 is
670 977 765 1042 trium
788 978 895 1044 horum
932 996 1033 1042 rerum
1064 977 1247 1061 scriptorum

179 1083 349 1148 communis
372 1084 478 1149 auctor
508 1083 612 1162 fuerit,
637 1083 675 1148 de
697 1083 755 1148 hac
778 1103 811 1148 re
834 1083 933 1168 liquet
956 1084 1073 1150 certum
1097 1085 1246 1151 iudicium

178 1189 255 1255 ferri
277 1189 400 1255 omnino
421 1209 481 1256 nun
496 1207 599 1273 posse;
622 1190 650 1254 si
672 1189 747 1272 quid
769 1190 874 1256 tamen
896 1189 1083 1258 coniectura·
1100 1193 1247 1276 augurari

178 1295 283 1369 liceat,
305 1295 384 1361 mihi
405 1297 529 1380 quidem
552 1297 587 1362 ut
609 1296 666 1362 hoc
689 1295 813 1362 credam
843 1295 981 1362 animum
1003 1297 1135 1362 maxime
1156 1297 1247 1363 incli-

178 1421 254 1468 nare
276 1403 376 1470 fatear
399 1421 577 1470 consensum
601 1402 692 1468 illum
726 1402 926 1486 repetendum
960 1421 1026 1469 esse
1059 1403 1099 1468 ab
1122 1401 1247 1470 Aufidio

179 1509 277 1574 Basso
299 1527 318 1574 a
340 1509 440 1574 tribus
463 1509 527 1575 illis
551 1508 584 1573 in
606 1528 696 1574 usum
725 1527 877 1588 converso,
913 1527 1002 1592 quom
1025 1509 1162 1595 Augusti
1185 1510 1247 1578 sal-

178 1617 244 1680 tem
266 1615 441 1699 Tiberiiqne
464 1615 622 1699 usquead
645 1634 674 1684 a.
699 1616 764 1681 ’184
786 1617 924 1699 tempora
957 1616 1151 1698 persecutum
1181 1635 1246 1684 esse

179 1721 387 1788 Mommsenus
411 1721 458 1810 (in
481 1741 589 1788 comm.
615 1721 683 1788 Sar.
707 1721 767 1787 vol.
793 1723 812 1786 8
836 1740 866 1803 p.
890 1721 965 1788 551.
988 1721 1053 1786 558
1069 1717 1247 1806 sq.)'evicit

180 1828 324 1910 atquem
348 1821 542 1894 erOlasonii
576 1827 729 1894 sententia
764 1824 817 1914 (de
840 1826 912 1892 Tac.
948 1826 979 1892 et
1013 1827 1097 1894 Suet.
1132 1847 1162 1910 p.
1189 1825 1246 1914 75)

179 1933 305 2000 Tacitus
328 1935 360 1998 in
383 1935 432 2000 his
461 1935 649 2018 temporibus
679 1933 843 2001 memoriae
873 1932 1059 2000 mandandis
1089 1933 1244 2000 auctorem

178 2057 269 2122 quem
291 2039 484 2123 potissimum
508 2041 683 2125 sequeretur
706 2041 766 2107 sibi
790 2040 916 2126 delegit.

287 2147 372 2213 Num
406 2148 559 2231 ceteroqui
580 2147 641 2214 Dio
675 2148 778 2214 forsan
812 2147 888 2229 ipsis
917 2145 1056 2212 Suetonii
1080 2143 1245 2212 Caesarum

184 2247 258 2316 vitis
283 2248 438 2338 (Tacitum
464 2272 536 2319 sane
571 2252 693 2319 videtur
717 2290 758 2301 -
782 2253 867 2317 iuxta
890 2251 966 2318 alios
990 2289 1031 2300 -
1056 2251 1245 2337 adhibuisse)

179 2374 253 2421 usus
276 2357 318 2423 sit
339 2397 384 2406 —
397 2379 473 2443 qnae
485 2358 592 2426 Rothii
610 2359 763 2425 sententia
776 2358 911 2425 Gustare
927 2359 1061 2425 Beckero
1079 2358 1112 2444 in
1135 2357 1245 2423 Fleck-

180 2462 276 2529 eiseni
306 2467 408 2534 annal.
435 2467 520 2533 1863
542 2485 572 2549 p.
599 2467 662 2532 196
693 2468 724 2531 11
745 2464 995 2532 Reifferscheidio
1019 2463 1101 2532 Suet.
1134 2463 1190 2528 rel.
1214 2484 1243 2547 p.

179 2570 246 2635 470
273 2573 419 2654 probatur
440 2611 480 2620 —
504 2574 642 2640 hocloco
664 2573 986 2658 investigandumnon
1009 2572 1072 2640 ast:
1089 2572 1171 2637 certe
1205 2571 1245 2636 ad

179 2676 259 2742 hanc
288 2680 497 2763 quaestionem
532 2679 709 2746 solvendam
742 2679 822 2754 nihil
854 2697 977 2762 prorsus
1011 2677 1114 2744 valere
1143 2678 1244 2742 locum

179 2781 331 2850 Dioneum
366 2786 419 2866 64,
446 2787 576 2852 11-13
610 2804 700 2870 quem
724 2785 867 2852 Suetonio
890 2783 962 2850 Oth.
1002 2785 1043 2848 10
1066 2782 1109 2850 in.
1140 2782 1245 2848 deberi

179 2888 311 2956 Rothius
333 2883 442 2976 (praef.
467 2893 500 2958 in
523 2893 606 2962 Suet.
630 2913 659 2976 p.
682 2891 788 2980 XVII)
814 2928 854 2938 -
878 2891 1003 2957 etanta
1026 2908 1096 2954 eum
1119 2889 1244 2954 Wiede-

180 3013 312 3063 mannus
336 2997 373 3063 de
397 2999 468 3066 Tac.
492 2998 576 3066 Suet.
599 2999 683 3065 Plut.
708 2997 741 3066 d.
763 2998 854 3085 Dion.
890 2996 1089 3081 scriptoribus
1112 2995 1244 3080 impera-

180 3103 283 3168 torum
305 3102 425 3172 Galbae
460 3106 492 3171 11
514 3105 644 3172 Othonis
680 3106 781 3186 Berol.
809 3105 894 3171 1857
929 3124 958 3188 p.
982 3104 1025 3169 36
1037 3121 1082 3185 sq.
1108 3138 1149 3149 -
1174 3121 1244 3168 cen·

179 3209 283 3276 suerat
300 3210 379 3295 '(cui
411 3211 535 3296 quidem
568 3213 778 3280 assentiuntur
801 3207 1069 3276 Reifferscheidius
1104 3207 1126 3274 1.
1156 3206 1178 3275 1.
1213 3207 1245 3272 11

179 3312 306 3380 Petcrus
330 3316 368 3380 de
390 3317 467 3384 font.
492 3317 565 3384 hist.
590 3318 663 3401 imp.
695 3318 782 3384 llas.
807 3316 880 3383 Hal.
907 3315 992 3382 1866
1015 3334 1044 3397 p.
1069 3310 1128 3399 54)
1162 3313 1245 3378 reate

179 3419 244 3487 iam
266 3421 460 3491 observatum
483 3425 532 3491 est
554 3425 593 3492 ab
617 3423 722 3491 eodem
745 3423 881 3492 Bechero
903 3421 926 3487 1.
943 3422 965 3486 1.
990 3422 1063 3487 111
1087 3418 1245 3486 Christen·

180 3545 252 3594 seno
286 3529 349 3614 (cni
381 3531 496 3598 iniuria
529 3531 709 3600 adversatur
744 3529 899 3598 Siclrelius
934 3528 971 3594 de
1006 3524 1242 3592 1111111110.

179 3632 278 3700 Dione
315 3635 348 3701 in
382 3638 608 3706 conscribendis
642 3639 733 3705 rebus
767 3636 840 3704 inde
872 3654 891 3702 a
925 3632 1047 3702 'liberio
1085 3631 1244 3715 usquead

179 3741 309 3807 mortem
337 3742 461 3808 Vitellii
482 3745 579 3830 gestis
601 3743 752 3810 adhibitis
776 3742 917 3826 Gotting.
943 3741 1029 3808 1876
1051 3758 1082 3822 p.
1106 3736 1163 3825 20)
1188 3739 1243 3806 1.1.

160 3865 210 3928 p.
238 3848 288 3912 11.
312 3848 392 3932 quod
414 3868 484 3916 vero
522 3851 562 3917 ad
585 3850 716 3917 Neronis
738 3867 841 3916 rerum
874 3847 988 3913 attinet
1010 3844 1243 3925 enarrationem,

180 3950 320 4034 pluribus
342 3955 450 4022 Rothii
483 3957 656 4040 opinionem
685 3955 827 4023 refellere
849 3955 975 4020 conatus
1005 3953 1053 4018 est
1075 3950 1243 4018 Christens.

94 4117 97 4124 1
180 4077 211 4140 p.
236 4060 384 4140 12-19;
407 4063 530 4130 omnino
553 4063 683 4147 denique
717 4063 749 4128 in
772 4061 998 4130 conscribendis
1028 4061 1119 4127 rebus
1148 4057 1243 4124 1Τὶ-

180 4164 265 4234 borio
298 4167 338 4233 ad
361 4168 484 4236 Vitellii
506 4171 636 4238 mortem
668 4170 765 4255 gestis
798 4167 979 4236 Suetonium
1008 4188 1027 4234 a
1050 4165 1148 4233 Dione
1171 4183 1244 4233 nua-

1063 4269 1084 4370 1
