3086 5086
734 433 954 504 -66.-
1090 511 1097 516 ,

313 585 405 700 quam
428 615 603 682 adhibitum
626 633 691 682 osse
715 611 842 701 (excipit
865 613 961 678 solam
985 630 1049 678 rem
1076 611 1164 678 illam
1187 609 1382 694 singularem

314 721 352 786 de
374 741 433 805 qua
456 724 491 788 ut
512 721 601 787 modo
624 720 688 786 dixi
711 720 751 786 ad
775 720 839 785 eius
862 719 1046 785 sententiam
1069 736 1128 784 non
1151 735 1217 784 esse
1232 715 1384 782 acceden-

314 828 388 894 dum
410 825 501 913 puto)
526 827 676 894 Siokelius
699 825 806 893 libello
829 827 924 891 citato
947 825 1103 908 probabile
1126 823 1272 889 reddidit.

741 1179 950 1192 ———--ae

595 1465 1102 1576 APPENDIX.

381 1681 609 1762 ARMINIUS
637 1683 726 1779 QUO
754 1683 880 1759 ANNO
909 1683 1113 1758 FUDERIT
1142 1680 1318 1756 VARUM.

424 1893 494 1959 Non
517 1892 555 1958 de
587 1893 653 1958 loco
676 1892 775 1958 solum
799 1910 904 1958 verum
939 1889 1034 1956 etiam
1064 1889 1102 1954 de
1125 1891 1261 1971 tempore
1284 1887 1387 1954 cladis

230 2019 240 2042 ·
318 1998 404 2064 illius
426 1998 634 2064 Romanorum
657 2017 728 2080 qua,
752 1999 788 2062 ut
810 1997 895 2064 Flori
917 1997 989 2062 utar
1004 1997 1116 2074 uerbis,
1140 1995 1327 2061 factumest
1351 1995 1387 2057 nt

320 2103 484 2187 imperium
508 2102 588 2187 quod
611 2103 644 2168 in
666 2103 756 2171 litora
775 2103 887 2169 Oceani
910 2121 970 2168 non
993 2102 1122 2169 steterat
1144 2101 1177 2165 in
1200 2101 1266 2182 ripa
1283 2099 1387 2163 Rheni

215 2245 219 2252 ·
319 2211 455 2277 fluminis
478 2211 574 2277 111111
603 2210 812 2294 iampridem
847 2209 965 2275 diverse
999 2209 1099 2274 visum
1136 2207 1183 2272 est
1209 2205 1386 2270 hominibus

320 2317 427 2384 doctis.
466 2335 596 2400 namque
632 2335 701 2382 oum
735 2318 826 2382 antea
862 2335 966 2381 omnes
1000 2314 1185 2381 consensisse
1220 2312 1386 2378 videantur

322 2443 459 2506 pugnam
492 2442 583 2506 quam
619 2422 719 2488 dicere
754 2422 964 2488 consuevimus
988 2421 1156 2487 Varianam
1190 2439 1270 2486 anno
1301 2439 1332 2483 u.
1358 2439 1385 2484 c.

323 2530 387 2595 762
410 2559 451 2584 =
474 2527 561 2612 pec.
588 2530 607 2593 9
632 2546 697 2594 esso
720 2528 925 2607 commissam,
959 2528 1076 2610 primus
1111 2527 1260 2609 quantum
1296 2525 1386 2592 video

321 2635 472 2701 Batonius
495 2635 598 2701 extitit
615 2634 668 2718 qui
691 2633 783 2702 aliter
805 2634 966 2700 iudicaret.
984 2635 1010 2700 is
1026 2633 1109 2700 enim
1125 2653 1192 2699 eam
1214 2633 1247 2698 in
1270 2651 1386 2698 annum

322 2742 498 2824 sequentem
524 2743 588 2808 763
604 2771 645 2797 =
663 2743 705 2806 10
728 2740 859 2806 contulit
882 2741 913 2806 11
933 2739 1066 2806 Calvisio
1089 2738 1274 2805 sententiam
1298 2756 1387 2802 suam

322 2848 471 2930 probauit.
496 2867 592 2932 neque
615 2867 685 2914 vero
708 2847 834 2931 perinde
857 2847 971 2930 Pagio:
995 2845 1048 2929 qui
1071 2845 1191 2911 cladem
1208 2845 1289 2910 Varo
1313 2843 1387 2910 illa·

321 2955 388 3019 tam
411 2945 461 3019 ad‘
474 2973 587 3020 annum
613 2953 852 3036 impertinere
876 2953 980 3017 contra
1006 2951 1094 3016 illum
1117 2950 1274 3016 contendit
1301 2949 1387 3015 hisce

323 3078 396 3124 usus
418 3060 611 3144 argumentis
634 3059 755 3145 (critica
778 3058 851 3126 hist.
867 3095 911 3106 -
926 3059 1029 3124 chron.
1054 3057 1088 3121 in
1110 3057 1267 3122 universos
1290 3053 1388 3120 111111-

323 3164 368 3230 les
391 3165 518 3232 Baronii
545 3165 585 3231 ad
609 3184 637 3229 1.
662 3163 695 3230 Ο.
722 3165 786 3250 10).
810 3165 955 3248 primum,
979 3163 1089 3247 inquit,
1106 3163 1184 3244 ’,1111
1220 3163 1277 3228 hac
1299 3161 1388 3227 clade

323 3272 454 3337 recitata
491 3272 546 3340 ait¹
570 3289 671 3351 „anno
711 3272 848 3354 sequenti
886 3271 1025 3337 Tiberius
1060 3270 1165 3335 aedem
1202 3268 1389 3334 Concordiae

323 3379 479 3444 11111111*
502 3378 583 3462 quod
606 3397 633 3446 a.
660 3381 702 3444 10
724 3379 859 3456 factum;
883 3378 1010 3461 ideoque
1032 3376 1135 3442 clades
1165 3375 1221 3440 illa
1251 3374 1388 3458 Sulpicio

325 3483 482 3550 Camerino
518 3486 550 3550 ot
581 3485 721 3568 Poppaeo
756 3484 870 3551 Sabino
892 3503 967 3551 coss.
991 3483 1033 3565 [a.
1059 3485 1094 3567 9]
1118 3482 1197 3547 1111.
1229 3482 1390 3564 praeterea

326 3589 487 3657 Suetonius
510 3589 586 3655 Vari
609 3589 737 3656 interitu
759 3592 882 3656 narrato
918 3590 1018 3673 inquit
1051 3589 1084 3652 in
1108 3589 1230 3654 Tiberio
1253 3607 1318 3670 cap.
1346 3589 1389 3653 18

330 3697 482 3778 ,proximo
505 3715 584 3762 anno
607 3696 738 3779 repetita
754 3695 919 3762 Germania
935 3747 942 3762 .
961 3702 987 3761 .“
1016 3695 1158 3762 Tiberius
1181 3693 1283 3760 autem
1307 3712 1390 3760 anno

285 3855 289 3860 .
329 3804 370 3867 10
398 3803 441 3872 in¹
466 3801 664 3870 Germaniam
698 3803 819 3870 missus.
845 3802 974 3885 denique
996 3801 1135 3868 Velleius
1171 3820 1236 3884 esp.
1264 3800 1327 3866 115
1351 3801 1392 3866 de

326 3909 416 3974 rebus
440 3928 518 3975 anno
541 3911 561 3975 9
585 3909 682 3994 gestis
711 3910 837 3994 loquens
871 3909 990 3975 indicat
1024 3927 1090 3975 carn
1125 3908 1244 3974 cladem
1277 3907 1392 3991 populo

326 4015 462 4082 Romano
496 4017 619 4082 illatam
653 4035 687 4082 eo
721 4036 800 4083 anno
823 4036 881 4100 quo
903 4016 1036 4098 Lepidus
1071 4015 1105 4080 in
1135 4013 1324 4080 Pannoniam
1349 4014 1393 4078 ad

327 4119 482 4188 Tiberium
505 4124 600 4190 venit.
646 4123 780 4208 Lepidus
801 4125 906 4190 autem
929 4124 985 4190 sub
1008 4121 1131 4188 Tiberio
1153 4120 1269 4187 bellum
1291 4119 1396 4204 gessit
